<?xml version="1.0" encoding="UTF-8"?>
<!DOCTYPE html PUBLIC "-//W3C//DTD XHTML 1.0 Transitional//EN"
    "http://www.w3.org/TR/xhtml1/DTD/xhtml1-transitional.dtd">
<html xmlns="http://www.w3.org/1999/xhtml" xml:lang="en" lang="en">
 <head>
  <title>
</title>
<meta http-equiv="Content-Type" content="text/html;charset=utf-8" />
  <meta name='ocr-system' content='tesseract 3.04.00' />
  <meta name='ocr-capabilities' content='ocr_page ocr_carea ocr_par ocr_line ocrx_word'/>
</head>
<body>
  <div class='ocr_page' id='page_1' title='image "./deconjunctiviet00berggoog_0114.png"; bbox 0 0 3234 5150; ppageno 0'>
   <div class='ocr_carea' id='block_1_1' title="bbox 1639 440 1920 495">
    <p class='ocr_par' dir='ltr' id='par_1_1' title="bbox 1639 440 1920 495">
     <span class='ocr_line' id='line_1_1' title="bbox 1639 440 1920 495; baseline 0 -13"><span class='ocrx_word' id='word_1_1' title='bbox 1639 440 1920 495; x_wconf 72' lang='lat'>..93-</span> 
     </span>
    </p>
   </div>
   <div class='ocr_carea' id='block_1_2' title="bbox 656 566 2904 2708">
    <p class='ocr_par' dir='ltr' id='par_1_2' title="bbox 656 566 2904 2708">
     <span class='ocr_line' id='line_1_2' title="bbox 687 566 2864 657; baseline 0 -23"><span class='ocrx_word' id='word_1_2' title='bbox 687 567 757 635; x_wconf 94' lang='lat' dir='ltr'>id</span> <span class='ocrx_word' id='word_1_3' title='bbox 801 575 901 637; x_wconf 89' lang='lat' dir='ltr'>est</span> <span class='ocrx_word' id='word_1_4' title='bbox 938 567 1193 637; x_wconf 80' lang='lat' dir='ltr'><strong>radices</strong></span> <span class='ocrx_word' id='word_1_5' title='bbox 1245 567 1464 635; x_wconf 88' lang='lat' dir='ltr'>nudas</span> <span class='ocrx_word' id='word_1_6' title='bbox 1478 617 1497 644; x_wconf 89' lang='lat'>,</span> <span class='ocrx_word' id='word_1_7' title='bbox 1557 589 1680 656; x_wconf 90' lang='lat' dir='ltr'>pro</span> <span class='ocrx_word' id='word_1_8' title='bbox 1725 566 2108 636; x_wconf 88' lang='lat' dir='ltr'>nominibus</span> <span class='ocrx_word' id='word_1_9' title='bbox 2157 568 2412 657; x_wconf 85' lang='lat' dir='ltr'>agentis</span> <span class='ocrx_word' id='word_1_10' title='bbox 2463 569 2864 638; x_wconf 84' lang='lat' dir='ltr'>habuerunt.</span> 
     </span>
     <span class='ocr_line' id='line_1_3' title="bbox 680 674 2860 765; baseline 0 -24"><span class='ocrx_word' id='word_1_11' title='bbox 680 675 797 743; x_wconf 82' lang='lat' dir='ltr'>His</span> <span class='ocrx_word' id='word_1_12' title='bbox 828 696 981 745; x_wconf 78' lang='lat' dir='ltr'>vero</span> <span class='ocrx_word' id='word_1_13' title='bbox 1013 675 1514 744; x_wconf 83' lang='lat' dir='ltr'>difficultatibus</span> <span class='ocrx_word' id='word_1_14' title='bbox 1554 697 1689 742; x_wconf 93' lang='lat' dir='ltr'>non</span> <span class='ocrx_word' id='word_1_15' title='bbox 1735 696 1814 743; x_wconf 89' lang='lat' dir='ltr'>eo</span> <span class='ocrx_word' id='word_1_16' title='bbox 1851 674 2090 743; x_wconf 82' lang='lat' dir='ltr'>adduci</span> <span class='ocrx_word' id='word_1_17' title='bbox 2131 697 2406 765; x_wconf 89' lang='lat' dir='ltr'>possum</span> <span class='ocrx_word' id='word_1_18' title='bbox 2449 684 2526 744; x_wconf 87' lang='lat' dir='ltr'>ut</span> <span class='ocrx_word' id='word_1_19' title='bbox 2567 676 2860 756; x_wconf 87' lang='lat' dir='ltr'>unicam,</span> 
     </span>
     <span class='ocr_line' id='line_1_4' title="bbox 686 783 2866 874; baseline 0.001 -22"><span class='ocrx_word' id='word_1_20' title='bbox 686 807 831 853; x_wconf 89' lang='lat' dir='ltr'>mea</span> <span class='ocrx_word' id='word_1_21' title='bbox 883 785 1225 864; x_wconf 88' lang='lat' dir='ltr'>sententia,</span> <span class='ocrx_word' id='word_1_22' title='bbox 1292 783 1678 874; x_wconf 77' lang='lat' dir='ltr'>quaestionis</span> <span class='ocrx_word' id='word_1_23' title='bbox 1731 783 2060 854; x_wconf 83' lang='lat' dir='ltr'>solvendae</span> <span class='ocrx_word' id='word_1_24' title='bbox 2109 785 2284 852; x_wconf 81' lang='lat' dir='ltr'>viam</span> <span class='ocrx_word' id='word_1_25' title='bbox 2350 785 2648 854; x_wconf 68' lang='lat' dir='ltr'>doeeram</span> <span class='ocrx_word' id='word_1_26' title='bbox 2667 835 2684 864; x_wconf 88' lang='lat'>,</span> <span class='ocrx_word' id='word_1_27' title='bbox 2743 807 2866 854; x_wconf 86' lang='lat' dir='ltr'>nec</span> 
     </span>
     <span class='ocr_line' id='line_1_5' title="bbox 682 892 2868 983; baseline 0.001 -22"><span class='ocrx_word' id='word_1_28' title='bbox 682 893 955 983; x_wconf 86' lang='lat' dir='ltr'>despero</span> <span class='ocrx_word' id='word_1_29' title='bbox 1014 895 1151 961; x_wconf 85' lang='lat' dir='ltr'>fore</span> <span class='ocrx_word' id='word_1_30' title='bbox 1204 899 1277 962; x_wconf 93' lang='lat' dir='ltr'>ut</span> <span class='ocrx_word' id='word_1_31' title='bbox 1342 913 1455 961; x_wconf 89' lang='lat' dir='ltr'>eas</span> <span class='ocrx_word' id='word_1_32' title='bbox 1506 892 1577 960; x_wconf 90' lang='lat' dir='ltr'>in</span> <span class='ocrx_word' id='word_1_33' title='bbox 1633 892 1996 983; x_wconf 82' lang='lat' dir='ltr'>posteriore</span> <span class='ocrx_word' id='word_1_34' title='bbox 2049 892 2286 982; x_wconf 88' lang='lat' dir='ltr'>capitis</span> <span class='ocrx_word' id='word_1_35' title='bbox 2345 902 2534 983; x_wconf 87' lang='lat' dir='ltr'>parte</span> <span class='ocrx_word' id='word_1_36' title='bbox 2555 944 2574 970; x_wconf 91' lang='lat'>‚</span> <span class='ocrx_word' id='word_1_37' title='bbox 2639 894 2708 963; x_wconf 92' lang='lat' dir='ltr'>id</span> <span class='ocrx_word' id='word_1_38' title='bbox 2765 901 2868 964; x_wconf 87' lang='lat' dir='ltr'>est</span> 
     </span>
     <span class='ocr_line' id='line_1_6' title="bbox 672 999 2866 1092; baseline 0.001 -24"><span class='ocrx_word' id='word_1_39' title='bbox 672 1000 817 1090; x_wconf 88' lang='lat' dir='ltr'>jam</span> <span class='ocrx_word' id='word_1_40' title='bbox 846 999 917 1067; x_wconf 87' lang='lat' dir='ltr'>in</span> <span class='ocrx_word' id='word_1_41' title='bbox 954 1001 1163 1092; x_wconf 89' lang='lat' dir='ltr'>ipsius</span> <span class='ocrx_word' id='word_1_42' title='bbox 1192 1000 1399 1068; x_wconf 84' lang='lat' dir='ltr'>libelli</span> <span class='ocrx_word' id='word_1_43' title='bbox 1436 1001 1592 1084; x_wconf 87' lang='lat' dir='ltr'>fine,</span> <span class='ocrx_word' id='word_1_44' title='bbox 1620 1000 1998 1069; x_wconf 79' lang='lat' dir='ltr'>discutiam.</span> <span class='ocrx_word' id='word_1_45' title='bbox 2043 1001 2433 1068; x_wconf 85' lang='lat' dir='ltr'><strong>Formarum</strong></span> <span class='ocrx_word' id='word_1_46' title='bbox 2467 1001 2647 1068; x_wconf 85' lang='lat' dir='ltr'>enim</span> <span class='ocrx_word' id='word_1_47' title='bbox 2690 1001 2866 1072; x_wconf 76' lang='lat' dir='ltr'>inter</span> 
     </span>
     <span class='ocr_line' id='line_1_7' title="bbox 680 1109 2866 1200; baseline 0.002 -24"><span class='ocrx_word' id='word_1_48' title='bbox 680 1110 1111 1179; x_wconf 74' lang='lat' dir='ltr'>indicativum</span> <span class='ocrx_word' id='word_1_49' title='bbox 1144 1117 1207 1179; x_wconf 86' lang='lat' dir='ltr'>et</span> <span class='ocrx_word' id='word_1_50' title='bbox 1250 1116 1611 1200; x_wconf 87' lang='lat' dir='ltr'>utrumque</span> <span class='ocrx_word' id='word_1_51' title='bbox 1659 1110 1934 1179; x_wconf 88' lang='lat' dir='ltr'>modum</span> <span class='ocrx_word' id='word_1_52' title='bbox 1977 1109 2243 1200; x_wconf 87' lang='lat' dir='ltr'>partitio</span> <span class='ocrx_word' id='word_1_53' title='bbox 2283 1131 2417 1178; x_wconf 89' lang='lat' dir='ltr'>non</span> <span class='ocrx_word' id='word_1_54' title='bbox 2459 1131 2726 1180; x_wconf 89' lang='lat' dir='ltr'>necesse</span> <span class='ocrx_word' id='word_1_55' title='bbox 2761 1120 2866 1180; x_wconf 86' lang='lat' dir='ltr'>est</span> 
     </span>
     <span class='ocr_line' id='line_1_8' title="bbox 678 1217 2864 1318; baseline 0.001 -34"><span class='ocrx_word' id='word_1_56' title='bbox 678 1217 749 1284; x_wconf 87' lang='lat' dir='ltr'>in</span> <span class='ocrx_word' id='word_1_57' title='bbox 782 1218 1096 1286; x_wconf 87' lang='lat' dir='ltr'>omnibus</span> <span class='ocrx_word' id='word_1_58' title='bbox 1132 1217 1337 1286; x_wconf 90' lang='lat' dir='ltr'>simul</span> <span class='ocrx_word' id='word_1_59' title='bbox 1374 1217 1730 1286; x_wconf 81' lang='lat' dir='ltr'>verborum</span> <span class='ocrx_word' id='word_1_60' title='bbox 1777 1217 2102 1286; x_wconf 87' lang='lat' dir='ltr'>classibus</span> <span class='ocrx_word' id='word_1_61' title='bbox 2147 1218 2447 1318; x_wconf 76' lang='lat' dir='ltr'>absoluta</span> <span class='ocrx_word' id='word_1_62' title='bbox 2505 1218 2613 1286; x_wconf 89' lang='lat' dir='ltr'>sit.</span> <span class='ocrx_word' id='word_1_63' title='bbox 2652 1220 2764 1287; x_wconf 77' lang='lat' dir='ltr'>Vel</span> <span class='ocrx_word' id='word_1_64' title='bbox 2817 1241 2864 1286; x_wconf 85' lang='grc' dir='ltr'><em>α</em></span> 
     </span>
     <span class='ocr_line' id='line_1_9' title="bbox 670 1324 2862 1416; baseline 0.002 -24"><span class='ocrx_word' id='word_1_65' title='bbox 670 1328 896 1414; x_wconf 82' lang='lat' dir='ltr'>priori</span> <span class='ocrx_word' id='word_1_66' title='bbox 924 1324 1353 1395; x_wconf 84' lang='lat' dir='ltr'>verisimilius</span> <span class='ocrx_word' id='word_1_67' title='bbox 1380 1332 1503 1405; x_wconf 91' lang='lat' dir='ltr'>est,</span> <span class='ocrx_word' id='word_1_68' title='bbox 1538 1325 1718 1415; x_wconf 87' lang='lat' dir='ltr'>quod</span> <span class='ocrx_word' id='word_1_69' title='bbox 1750 1325 2014 1395; x_wconf 86' lang='lat' dir='ltr'>Curtius</span> <span class='ocrx_word' id='word_1_70' title='bbox 2041 1324 2114 1393; x_wconf 91' lang='lat' dir='ltr'>in</span> <span class='ocrx_word' id='word_1_71' title='bbox 2139 1325 2674 1416; x_wconf 76' lang='lat' dir='ltr'>interpretatione</span> <span class='ocrx_word' id='word_1_72' title='bbox 2710 1327 2862 1396; x_wconf 92' lang='lat' dir='ltr'>aliis</span> 
     </span>
     <span class='ocr_line' id='line_1_10' title="bbox 674 1432 2858 1525; baseline 0.001 -25"><span class='ocrx_word' id='word_1_73' title='bbox 674 1432 755 1502; x_wconf 94' lang='lat' dir='ltr'>de</span> <span class='ocrx_word' id='word_1_74' title='bbox 802 1434 1020 1502; x_wconf 85' lang='lat' dir='ltr'>causis</span> <span class='ocrx_word' id='word_1_75' title='bbox 1066 1435 1447 1524; x_wconf 87' lang='lat' dir='ltr'>impugnata</span> <span class='ocrx_word' id='word_1_76' title='bbox 1496 1433 1640 1523; x_wconf 81' lang='lat' dir='ltr'>jam</span> <span class='ocrx_word' id='word_1_77' title='bbox 1695 1434 2123 1504; x_wconf 82' lang='lat' dir='ltr'>contenderat</span> <span class='ocrx_word' id='word_1_78' title='bbox 2159 1435 2255 1525; x_wconf 87' lang='lat' dir='ltr'>(p.</span> <span class='ocrx_word' id='word_1_79' title='bbox 2304 1435 2442 1523; x_wconf 83' lang='lat'>51),</span> <span class='ocrx_word' id='word_1_80' title='bbox 2507 1435 2858 1504; x_wconf 84' lang='lat' dir='ltr'>modorum</span> 
     </span>
     <span class='ocr_line' id='line_1_11' title="bbox 674 1540 2860 1612; baseline 0.001 -3"><span class='ocrx_word' id='word_1_81' title='bbox 674 1541 1031 1610; x_wconf 88' lang='lat' dir='ltr'>discrimen</span> <span class='ocrx_word' id='word_1_82' title='bbox 1075 1542 1155 1609; x_wconf 87' lang='lat' dir='ltr'>ab</span> <span class='ocrx_word' id='word_1_83' title='bbox 1202 1563 1335 1609; x_wconf 90' lang='lat' dir='ltr'>una</span> <span class='ocrx_word' id='word_1_84' title='bbox 1382 1540 1592 1610; x_wconf 86' lang='lat' dir='ltr'>classe</span> <span class='ocrx_word' id='word_1_85' title='bbox 1625 1543 1710 1610; x_wconf 89' lang='lat' dir='ltr'>ad</span> <span class='ocrx_word' id='word_1_86' title='bbox 1755 1549 2006 1612; x_wconf 85' lang='lat' dir='ltr'>ceteras</span> <span class='ocrx_word' id='word_1_87' title='bbox 2048 1543 2444 1611; x_wconf 87' lang='lat' dir='ltr'>translatum</span> <span class='ocrx_word' id='word_1_88' title='bbox 2476 1563 2642 1612; x_wconf 88' lang='lat' dir='ltr'>esse.</span> <span class='ocrx_word' id='word_1_89' title='bbox 2689 1543 2860 1612; x_wconf 81' lang='lat' dir='ltr'>Satis</span> 
     </span>
     <span class='ocr_line' id='line_1_12' title="bbox 674 1649 2860 1740; baseline 0 -22"><span class='ocrx_word' id='word_1_90' title='bbox 674 1649 879 1739; x_wconf 84' lang='lat' dir='ltr'>igitur</span> <span class='ocrx_word' id='word_1_91' title='bbox 904 1650 1031 1718; x_wconf 84' lang='lat' dir='ltr'>crit</span> <span class='ocrx_word' id='word_1_92' title='bbox 1080 1672 1281 1740; x_wconf 85' lang='lat' dir='ltr'>supra</span> <span class='ocrx_word' id='word_1_93' title='bbox 1324 1649 1571 1719; x_wconf 88' lang='lat' dir='ltr'>dictam</span> <span class='ocrx_word' id='word_1_94' title='bbox 1612 1657 1924 1740; x_wconf 78' lang='grc' dir='ltr'><strong>ἀναλογίαν</strong></span> <span class='ocrx_word' id='word_1_95' title='bbox 1960 1651 2045 1720; x_wconf 92' lang='lat' dir='ltr'>iis</span> <span class='ocrx_word' id='word_1_96' title='bbox 2073 1659 2332 1720; x_wconf 88' lang='lat' dir='ltr'>tantum</span> <span class='ocrx_word' id='word_1_97' title='bbox 2361 1650 2595 1719; x_wconf 86' lang='lat' dir='ltr'>formis</span> <span class='ocrx_word' id='word_1_98' title='bbox 2623 1652 2860 1720; x_wconf 88' lang='lat' dir='ltr'>confir-</span> 
     </span>
     <span class='ocr_line' id='line_1_13' title="bbox 674 1758 2858 1849; baseline 0 -22"><span class='ocrx_word' id='word_1_99' title='bbox 674 1777 857 1827; x_wconf 87' lang='lat' dir='ltr'>mare</span> <span class='ocrx_word' id='word_1_100' title='bbox 886 1780 1170 1849; x_wconf 88' lang='lat' dir='ltr'>quarum</span> <span class='ocrx_word' id='word_1_101' title='bbox 1202 1758 1412 1827; x_wconf 87' lang='lat' dir='ltr'>instar</span> <span class='ocrx_word' id='word_1_102' title='bbox 1451 1766 1686 1828; x_wconf 84' lang='lat' dir='ltr'>ceterae</span> <span class='ocrx_word' id='word_1_103' title='bbox 1717 1760 2039 1849; x_wconf 86' lang='lat' dir='ltr'>paulatim</span> <span class='ocrx_word' id='word_1_104' title='bbox 2075 1760 2400 1828; x_wconf 84' lang='lat' dir='ltr'>distinctae</span> <span class='ocrx_word' id='word_1_105' title='bbox 2423 1759 2694 1828; x_wconf 86' lang='lat' dir='ltr'>fuerint.</span> <span class='ocrx_word' id='word_1_106' title='bbox 2733 1759 2858 1828; x_wconf 90' lang='lat' dir='ltr'>Sed</span> 
     </span>
     <span class='ocr_line' id='line_1_14' title="bbox 672 1867 2856 1958; baseline 0 -24"><span class='ocrx_word' id='word_1_107' title='bbox 672 1889 803 1958; x_wconf 88' lang='lat' dir='ltr'>quo</span> <span class='ocrx_word' id='word_1_108' title='bbox 843 1868 1057 1957; x_wconf 89' lang='lat' dir='ltr'>major</span> <span class='ocrx_word' id='word_1_109' title='bbox 1083 1867 1371 1949; x_wconf 87' lang='lat' dir='ltr'>licentia,</span> <span class='ocrx_word' id='word_1_110' title='bbox 1430 1890 1508 1936; x_wconf 90' lang='lat' dir='ltr'>eo</span> <span class='ocrx_word' id='word_1_111' title='bbox 1552 1868 1763 1957; x_wconf 84' lang='lat' dir='ltr'>magis</span> <span class='ocrx_word' id='word_1_112' title='bbox 1814 1867 2184 1958; x_wconf 90' lang='lat' dir='ltr'>periculosa</span> <span class='ocrx_word' id='word_1_113' title='bbox 2229 1875 2350 1936; x_wconf 87' lang='lat' dir='ltr'>est.</span> <span class='ocrx_word' id='word_1_114' title='bbox 2393 1869 2628 1946; x_wconf 85' lang='lat' dir='ltr'>Quare,</span> <span class='ocrx_word' id='word_1_115' title='bbox 2677 1874 2856 1935; x_wconf 81' lang='lat' dir='ltr'>ante·</span> 
     </span>
     <span class='ocr_line' id='line_1_15' title="bbox 670 1974 2904 2072; baseline -0 -29"><span class='ocrx_word' id='word_1_116' title='bbox 670 1996 869 2066; x_wconf 87' lang='lat' dir='ltr'>quam</span> <span class='ocrx_word' id='word_1_117' title='bbox 903 1975 1209 2042; x_wconf 87' lang='lat' dir='ltr'>ultimam</span> <span class='ocrx_word' id='word_1_118' title='bbox 1242 1983 1305 2044; x_wconf 89' lang='lat' dir='ltr'>et</span> <span class='ocrx_word' id='word_1_119' title='bbox 1344 1977 1628 2044; x_wconf 85' lang='lat' dir='ltr'>maxime</span> <span class='ocrx_word' id='word_1_120' title='bbox 1671 1976 1996 2044; x_wconf 84' lang='lat' dir='ltr'>lubricam</span> <span class='ocrx_word' id='word_1_121' title='bbox 2029 1975 2286 2044; x_wconf 87' lang='lat' dir='ltr'>itineris</span> <span class='ocrx_word' id='word_1_122' title='bbox 2321 1981 2576 2064; x_wconf 86' lang='lat' dir='ltr'>partem</span> <span class='ocrx_word' id='word_1_123' title='bbox 2607 1974 2850 2052; x_wconf 86' lang='lat' dir='ltr'>ineam,</span> <span class='ocrx_word' id='word_1_124' title='bbox 2889 2057 2904 2072; x_wconf 89' lang='lat'><em>.</em></span> 
     </span>
     <span class='ocr_line' id='line_1_16' title="bbox 670 2083 2856 2175; baseline -0 -24"><span class='ocrx_word' id='word_1_125' title='bbox 670 2083 1153 2152; x_wconf 89' lang='lat' dir='ltr'>adminiculum</span> <span class='ocrx_word' id='word_1_126' title='bbox 1186 2084 1352 2151; x_wconf 88' lang='lat' dir='ltr'>mihi</span> <span class='ocrx_word' id='word_1_127' title='bbox 1390 2085 1635 2175; x_wconf 87' lang='lat' dir='ltr'>parabo</span> <span class='ocrx_word' id='word_1_128' title='bbox 1686 2085 1794 2153; x_wconf 86' lang='lat' dir='ltr'>cui</span> <span class='ocrx_word' id='word_1_129' title='bbox 1828 2083 2021 2152; x_wconf 91' lang='lat' dir='ltr'>inniti</span> <span class='ocrx_word' id='word_1_130' title='bbox 2064 2084 2338 2174; x_wconf 86' lang='lat' dir='ltr'>possim,</span> <span class='ocrx_word' id='word_1_131' title='bbox 2372 2091 2436 2151; x_wconf 91' lang='lat' dir='ltr'>et</span> <span class='ocrx_word' id='word_1_132' title='bbox 2478 2106 2685 2173; x_wconf 88' lang='lat' dir='ltr'>quum</span> <span class='ocrx_word' id='word_1_133' title='bbox 2715 2084 2856 2151; x_wconf 84' lang='lat' dir='ltr'>the-</span> 
     </span>
     <span class='ocr_line' id='line_1_17' title="bbox 668 2186 2856 2276; baseline 0 -22"><span class='ocrx_word' id='word_1_134' title='bbox 668 2194 843 2254; x_wconf 87' lang='lat' dir='ltr'>mata</span> <span class='ocrx_word' id='word_1_135' title='bbox 878 2186 1267 2273; x_wconf 86' lang='lat' dir='ltr'>nominalia,</span> <span class='ocrx_word' id='word_1_136' title='bbox 1298 2209 1433 2255; x_wconf 89' lang='lat' dir='ltr'>non</span> <span class='ocrx_word' id='word_1_137' title='bbox 1474 2188 1545 2255; x_wconf 92' lang='lat' dir='ltr'>in</span> <span class='ocrx_word' id='word_1_138' title='bbox 1588 2187 1789 2256; x_wconf 82' lang='lat' dir='ltr'>verbo</span> <span class='ocrx_word' id='word_1_139' title='bbox 1817 2193 2103 2266; x_wconf 81' lang='lat' dir='ltr'>tantum,</span> <span class='ocrx_word' id='word_1_140' title='bbox 2137 2186 2252 2254; x_wconf 92' lang='lat' dir='ltr'>sed</span> <span class='ocrx_word' id='word_1_141' title='bbox 2293 2186 2362 2253; x_wconf 88' lang='lat' dir='ltr'>in</span> <span class='ocrx_word' id='word_1_142' title='bbox 2409 2186 2554 2276; x_wconf 90' lang='lat' dir='ltr'>ipso</span> <span class='ocrx_word' id='word_1_143' title='bbox 2585 2186 2856 2255; x_wconf 89' lang='lat' dir='ltr'>nomine</span> 
     </span>
     <span class='ocr_line' id='line_1_18' title="bbox 666 2291 2856 2382; baseline 0 -24"><span class='ocrx_word' id='word_1_144' title='bbox 666 2291 748 2359; x_wconf 91' lang='lat' dir='ltr'>ad</span> <span class='ocrx_word' id='word_1_145' title='bbox 797 2293 1332 2371; x_wconf 85' lang='lat' dir='ltr'>affirmationem,</span> <span class='ocrx_word' id='word_1_146' title='bbox 1400 2292 1868 2369; x_wconf 86' lang='lat' dir='ltr'>hortationem,</span> <span class='ocrx_word' id='word_1_147' title='bbox 1933 2292 2321 2372; x_wconf 76' lang='lat' dir='ltr'>consilium,</span> <span class='ocrx_word' id='word_1_148' title='bbox 2383 2299 2598 2361; x_wconf 88' lang='lat' dir='ltr'>cetera</span> <span class='ocrx_word' id='word_1_149' title='bbox 2647 2293 2856 2382; x_wconf 86' lang='lat' dir='ltr'>expri-</span> 
     </span>
     <span class='ocr_line' id='line_1_19' title="bbox 666 2399 2854 2490; baseline 0 -23"><span class='ocrx_word' id='word_1_150' title='bbox 666 2399 930 2477; x_wconf 85' lang='lat' dir='ltr'>menda,</span> <span class='ocrx_word' id='word_1_151' title='bbox 967 2407 1040 2468; x_wconf 88' lang='lat' dir='ltr'>ut</span> <span class='ocrx_word' id='word_1_152' title='bbox 1090 2421 1241 2466; x_wconf 79' lang='lat' dir='ltr'>mox</span> <span class='ocrx_word' id='word_1_153' title='bbox 1276 2399 1675 2478; x_wconf 74' lang='lat' dir='ltr'>videbimus„</span> <span class='ocrx_word' id='word_1_154' title='bbox 1711 2401 2204 2468; x_wconf 88' lang='lat' dir='ltr'>accommodata</span> <span class='ocrx_word' id='word_1_155' title='bbox 2241 2401 2399 2479; x_wconf 87' lang='lat' dir='ltr'>sint,</span> <span class='ocrx_word' id='word_1_156' title='bbox 2441 2400 2785 2490; x_wconf 83' lang='lat' dir='ltr'>dispiciam</span> <span class='ocrx_word' id='word_1_157' title='bbox 2815 2423 2854 2468; x_wconf 91' lang='grc'><strong>6</strong></span> 
     </span>
     <span class='ocr_line' id='line_1_20' title="bbox 665 2508 2854 2599; baseline 0 -21"><span class='ocrx_word' id='word_1_158' title='bbox 665 2510 925 2579; x_wconf 89' lang='lat' dir='ltr'>duobus</span> <span class='ocrx_word' id='word_1_159' title='bbox 952 2509 1301 2577; x_wconf 88' lang='lat' dir='ltr'>nominum</span> <span class='ocrx_word' id='word_1_160' title='bbox 1343 2508 1696 2599; x_wconf 86' lang='lat' dir='ltr'>generibus</span> <span class='ocrx_word' id='word_1_161' title='bbox 1724 2517 1952 2578; x_wconf 89' lang='lat' dir='ltr'>utrum</span> <span class='ocrx_word' id='word_1_162' title='bbox 1999 2509 2376 2589; x_wconf 84' lang='lat' dir='ltr'>indicativo,</span> <span class='ocrx_word' id='word_1_163' title='bbox 2427 2517 2655 2578; x_wconf 86' lang='lat' dir='ltr'>utrum</span> <span class='ocrx_word' id='word_1_164' title='bbox 2697 2531 2854 2579; x_wconf 86' lang='lat' dir='ltr'>eon-</span> 
     </span>
     <span class='ocr_line' id='line_1_21' title="bbox 656 2617 2329 2708; baseline -0.001 -20"><span class='ocrx_word' id='word_1_165' title='bbox 656 2617 955 2708; x_wconf 79' lang='lat' dir='ltr'>junctivo</span> <span class='ocrx_word' id='word_1_166' title='bbox 984 2618 1081 2686; x_wconf 90' lang='lat' dir='ltr'>vel</span> <span class='ocrx_word' id='word_1_167' title='bbox 1124 2618 1411 2707; x_wconf 83' lang='lat' dir='ltr'>optativo</span> <span class='ocrx_word' id='word_1_168' title='bbox 1434 2619 1812 2708; x_wconf 88' lang='lat' dir='ltr'>propiorem</span> <span class='ocrx_word' id='word_1_169' title='bbox 1845 2640 2042 2687; x_wconf 89' lang='lat' dir='ltr'>usum</span> <span class='ocrx_word' id='word_1_170' title='bbox 2073 2619 2329 2687; x_wconf 84' lang='lat' dir='ltr'>haheat.</span> 
     </span>
    </p>
   </div>
   <div class='ocr_carea' id='block_1_3' title="bbox 898 2974 2596 3063">
    <p class='ocr_par' dir='ltr' id='par_1_3' title="bbox 898 2974 2596 3063">
     <span class='ocr_line' id='line_1_22' title="bbox 898 2974 2596 3063; baseline -0.002 -18"><span class='ocrx_word' id='word_1_171' title='bbox 898 2979 973 3045; x_wconf 83' lang='lat' dir='ltr'>A.</span> <span class='ocrx_word' id='word_1_172' title='bbox 1008 2978 1098 3043; x_wconf 90' lang='lat' dir='ltr'>De</span> <span class='ocrx_word' id='word_1_173' title='bbox 1127 2974 1416 3044; x_wconf 84' lang='lat' dir='ltr'>nominis</span> <span class='ocrx_word' id='word_1_174' title='bbox 1444 2976 1684 3063; x_wconf 80' lang='lat' dir='ltr'>formis</span> <span class='ocrx_word' id='word_1_175' title='bbox 1718 2975 1896 3041; x_wconf 84' lang='lat' dir='ltr'>verbi</span> <span class='ocrx_word' id='word_1_176' title='bbox 1923 2976 2126 3043; x_wconf 87' lang='lat' dir='ltr'>vicem</span> <span class='ocrx_word' id='word_1_177' title='bbox 2163 2976 2596 3063; x_wconf 77' lang='lat' dir='ltr'>explentibus,</span> 
     </span>
    </p>
   </div>
   <div class='ocr_carea' id='block_1_4' title="bbox 653 3263 2842 4439">
    <p class='ocr_par' dir='ltr' id='par_1_4' title="bbox 653 3263 2842 4439">
     <span class='ocr_line' id='line_1_23' title="bbox 750 3263 2842 3354; baseline -0 -17"><span class='ocrx_word' id='word_1_178' title='bbox 750 3272 821 3337; x_wconf 90' lang='lat' dir='ltr'>In</span> <span class='ocrx_word' id='word_1_179' title='bbox 850 3266 1158 3336; x_wconf 90' lang='lat' dir='ltr'>omnibus</span> <span class='ocrx_word' id='word_1_180' title='bbox 1196 3264 1678 3354; x_wconf 84' lang='lat' dir='ltr'>indoeuropaeis</span> <span class='ocrx_word' id='word_1_181' title='bbox 1724 3263 1969 3354; x_wconf 84' lang='lat' dir='ltr'>linguis</span> <span class='ocrx_word' id='word_1_182' title='bbox 2005 3265 2376 3336; x_wconf 89' lang='lat' dir='ltr'>nominales</span> <span class='ocrx_word' id='word_1_183' title='bbox 2410 3269 2642 3337; x_wconf 85' lang='lat' dir='ltr'>formae</span> <span class='ocrx_word' id='word_1_184' title='bbox 2685 3274 2842 3336; x_wconf 89' lang='lat' dir='ltr'>sunt</span> 
     </span>
     <span class='ocr_line' id='line_1_24' title="bbox 660 3374 2840 3464; baseline -0.002 -17"><span class='ocrx_word' id='word_1_185' title='bbox 660 3392 790 3447; x_wconf 84' lang='lat' dir='ltr'>usu</span> <span class='ocrx_word' id='word_1_186' title='bbox 837 3379 1012 3447; x_wconf 81' lang='lat' dir='ltr'>inter</span> <span class='ocrx_word' id='word_1_187' title='bbox 1053 3397 1295 3444; x_wconf 88' lang='lat' dir='ltr'>nomen</span> <span class='ocrx_word' id='word_1_188' title='bbox 1342 3384 1407 3443; x_wconf 87' lang='lat' dir='ltr'>et</span> <span class='ocrx_word' id='word_1_189' title='bbox 1449 3375 1722 3443; x_wconf 86' lang='lat' dir='ltr'>verbum</span> <span class='ocrx_word' id='word_1_190' title='bbox 1765 3374 2026 3452; x_wconf 83' lang='lat' dir='ltr'>mediae,</span> <span class='ocrx_word' id='word_1_191' title='bbox 2075 3397 2240 3464; x_wconf 87' lang='lat' dir='ltr'>quas</span> <span class='ocrx_word' id='word_1_192' title='bbox 2270 3375 2607 3444; x_wconf 88' lang='lat' dir='ltr'>brevitatis</span> <span class='ocrx_word' id='word_1_193' title='bbox 2641 3396 2840 3443; x_wconf 89' lang='lat' dir='ltr'>causa</span> 
     </span>
     <span class='ocr_line' id='line_1_25' title="bbox 660 3481 2838 3572; baseline -0.001 -20"><span class='ocrx_word' id='word_1_194' title='bbox 660 3486 729 3552; x_wconf 91' lang='lat' dir='ltr'>in</span> <span class='ocrx_word' id='word_1_195' title='bbox 774 3486 1160 3553; x_wconf 83' lang='lat' dir='ltr'>universum</span> <span class='ocrx_word' id='word_1_196' title='bbox 1214 3481 1483 3550; x_wconf 85' lang='lat' dir='ltr'>nomina</span> <span class='ocrx_word' id='word_1_197' title='bbox 1532 3481 1819 3550; x_wconf 75' lang='lat' dir='ltr'>verbalia</span> <span class='ocrx_word' id='word_1_198' title='bbox 1877 3481 2261 3572; x_wconf 87' lang='lat' dir='ltr'>appellabo:</span> <span class='ocrx_word' id='word_1_199' title='bbox 2313 3482 2658 3572; x_wconf 88' lang='lat' dir='ltr'>participia</span> <span class='ocrx_word' id='word_1_200' title='bbox 2687 3482 2838 3549; x_wconf 90' lang='lat' dir='ltr'>dico</span> 
     </span>
     <span class='ocr_line' id='line_1_26' title="bbox 658 3588 2842 3680; baseline -0.003 -19"><span class='ocrx_word' id='word_1_201' title='bbox 658 3598 725 3661; x_wconf 85' lang='lat' dir='ltr'>et</span> <span class='ocrx_word' id='word_1_202' title='bbox 762 3592 1142 3662; x_wconf 84' lang='lat' dir='ltr'>infinitivos‚</span> <span class='ocrx_word' id='word_1_203' title='bbox 1182 3588 1442 3678; x_wconf 88' lang='lat' dir='ltr'>supina,</span> <span class='ocrx_word' id='word_1_204' title='bbox 1493 3588 1877 3678; x_wconf 83' lang='lat' dir='ltr'>gerundiva.</span> <span class='ocrx_word' id='word_1_205' title='bbox 1920 3589 2008 3657; x_wconf 89' lang='lat' dir='ltr'>De</span> <span class='ocrx_word' id='word_1_206' title='bbox 2056 3589 2188 3656; x_wconf 90' lang='lat' dir='ltr'>illis</span> <span class='ocrx_word' id='word_1_207' title='bbox 2237 3590 2507 3680; x_wconf 90' lang='lat' dir='ltr'>quidem</span> <span class='ocrx_word' id='word_1_208' title='bbox 2554 3590 2662 3657; x_wconf 91' lang='lat' dir='ltr'>hic</span> <span class='ocrx_word' id='word_1_209' title='bbox 2703 3588 2842 3678; x_wconf 81' lang='lat' dir='ltr'>agi-</span> 
     </span>
     <span class='ocr_line' id='line_1_27' title="bbox 656 3697 2838 3787; baseline -0.001 -20"><span class='ocrx_word' id='word_1_210' title='bbox 656 3705 793 3777; x_wconf 87' lang='lat' dir='ltr'>tur,</span> <span class='ocrx_word' id='word_1_211' title='bbox 842 3699 956 3767; x_wconf 91' lang='lat' dir='ltr'>sed</span> <span class='ocrx_word' id='word_1_212' title='bbox 990 3720 1123 3765; x_wconf 91' lang='lat' dir='ltr'>non</span> <span class='ocrx_word' id='word_1_213' title='bbox 1166 3698 1246 3766; x_wconf 87' lang='lat' dir='ltr'>de</span> <span class='ocrx_word' id='word_1_214' title='bbox 1292 3697 1426 3765; x_wconf 87' lang='lat' dir='ltr'>illis</span> <span class='ocrx_word' id='word_1_215' title='bbox 1476 3702 1763 3777; x_wconf 87' lang='lat' dir='ltr'>tantum,</span> <span class='ocrx_word' id='word_1_216' title='bbox 1816 3720 2024 3787; x_wconf 89' lang='lat' dir='ltr'>quum</span> <span class='ocrx_word' id='word_1_217' title='bbox 2077 3697 2223 3767; x_wconf 84' lang='lat' dir='ltr'>aliae</span> <span class='ocrx_word' id='word_1_218' title='bbox 2277 3698 2504 3767; x_wconf 84' lang='lat' dir='ltr'>multae</span> <span class='ocrx_word' id='word_1_219' title='bbox 2546 3697 2838 3766; x_wconf 85' lang='lat' dir='ltr'>nominis</span> 
     </span>
     <span class='ocr_line' id='line_1_28' title="bbox 658 3804 2838 3898; baseline -0 -24"><span class='ocrx_word' id='word_1_220' title='bbox 658 3807 887 3875; x_wconf 85' lang='lat' dir='ltr'>formae</span> <span class='ocrx_word' id='word_1_221' title='bbox 944 3804 1124 3874; x_wconf 83' lang='lat' dir='ltr'>vorbi</span> <span class='ocrx_word' id='word_1_222' title='bbox 1175 3806 1399 3874; x_wconf 90' lang='lat' dir='ltr'>locum</span> <span class='ocrx_word' id='word_1_223' title='bbox 1463 3805 1758 3874; x_wconf 90' lang='lat' dir='ltr'>obtinere</span> <span class='ocrx_word' id='word_1_224' title='bbox 1811 3813 2090 3894; x_wconf 90' lang='lat' dir='ltr'>queant,</span> <span class='ocrx_word' id='word_1_225' title='bbox 2155 3814 2270 3874; x_wconf 88' lang='lat' dir='ltr'>aut</span> <span class='ocrx_word' id='word_1_226' title='bbox 2328 3829 2459 3898; x_wconf 89' lang='lat' dir='ltr'>quo</span> <span class='ocrx_word' id='word_1_227' title='bbox 2515 3806 2838 3897; x_wconf 88' lang='lat' dir='ltr'>apertiore</span> 
     </span>
     <span class='ocr_line' id='line_1_29' title="bbox 657 3914 2837 4005; baseline -0.001 -21"><span class='ocrx_word' id='word_1_228' title='bbox 657 3916 950 3985; x_wconf 88' lang='lat' dir='ltr'>oratione</span> <span class='ocrx_word' id='word_1_229' title='bbox 977 3921 1150 3999; x_wconf 81' lang='lat' dir='ltr'>utar,</span> <span class='ocrx_word' id='word_1_230' title='bbox 1186 3915 1561 4005; x_wconf 65' lang='lat' dir='ltr'>praedicati,</span> <span class='ocrx_word' id='word_1_231' title='bbox 1602 3936 1722 3982; x_wconf 89' lang='lat' dir='ltr'>seu</span> <span class='ocrx_word' id='word_1_232' title='bbox 1765 3914 2102 4004; x_wconf 83' lang='lat' dir='ltr'>praecipui,</span> <span class='ocrx_word' id='word_1_233' title='bbox 2151 3938 2268 3983; x_wconf 88' lang='lat' dir='ltr'>seu</span> <span class='ocrx_word' id='word_1_234' title='bbox 2314 3938 2392 3983; x_wconf 85' lang='lat' dir='ltr'>ex</span> <span class='ocrx_word' id='word_1_235' title='bbox 2439 3915 2642 3984; x_wconf 87' lang='lat' dir='ltr'>altero</span> <span class='ocrx_word' id='word_1_236' title='bbox 2679 3935 2837 4004; x_wconf 66' lang='lat' dir='ltr'>pen-³</span> 
     </span>
     <span class='ocr_line' id='line_1_30' title="bbox 656 4023 2836 4113; baseline -0.001 -21"><span class='ocrx_word' id='word_1_237' title='bbox 656 4023 895 4110; x_wconf 84' lang='lat' dir='ltr'>dentis,</span> <span class='ocrx_word' id='word_1_238' title='bbox 953 4030 1170 4113; x_wconf 88' lang='lat' dir='ltr'>partes</span> <span class='ocrx_word' id='word_1_239' title='bbox 1223 4044 1435 4113; x_wconf 87' lang='lat' dir='ltr'>agere.</span> <span class='ocrx_word' id='word_1_240' title='bbox 1486 4023 1646 4090; x_wconf 89' lang='lat' dir='ltr'>Nam</span> <span class='ocrx_word' id='word_1_241' title='bbox 1706 4043 1912 4111; x_wconf 90' lang='lat' dir='ltr'>quum</span> <span class='ocrx_word' id='word_1_242' title='bbox 1961 4044 2189 4092; x_wconf 91' lang='lat' dir='ltr'>omnes</span> <span class='ocrx_word' id='word_1_243' title='bbox 2230 4023 2529 4092; x_wconf 89' lang='lat' dir='ltr'>notiones</span> <span class='ocrx_word' id='word_1_244' title='bbox 2586 4024 2655 4091; x_wconf 92' lang='lat' dir='ltr'>in</span> <span class='ocrx_word' id='word_1_245' title='bbox 2699 4042 2836 4091; x_wconf 90' lang='lat' dir='ltr'>ser-</span> 
     </span>
     <span class='ocr_line' id='line_1_31' title="bbox 656 4130 2832 4223; baseline -0 -24"><span class='ocrx_word' id='word_1_246' title='bbox 656 4155 852 4202; x_wconf 86' lang='lat' dir='ltr'>mone</span> <span class='ocrx_word' id='word_1_247' title='bbox 906 4132 1344 4223; x_wconf 86' lang='lat' dir='ltr'>exprimendae</span> <span class='ocrx_word' id='word_1_248' title='bbox 1404 4130 1485 4197; x_wconf 86' lang='lat' dir='ltr'>ad</span> <span class='ocrx_word' id='word_1_249' title='bbox 1552 4130 1684 4197; x_wconf 91' lang='lat' dir='ltr'>duo</span> <span class='ocrx_word' id='word_1_250' title='bbox 1747 4152 1982 4219; x_wconf 86' lang='lat' dir='ltr'>genera</span> <span class='ocrx_word' id='word_1_251' title='bbox 2039 4132 2328 4200; x_wconf 83' lang='lat' dir='ltr'>revocari</span> <span class='ocrx_word' id='word_1_252' title='bbox 2395 4131 2684 4222; x_wconf 87' lang='lat' dir='ltr'>possint,</span> <span class='ocrx_word' id='word_1_253' title='bbox 2745 4169 2832 4181; x_wconf 96' lang='lat'><strong>—</strong></span> 
     </span>
     <span class='ocr_line' id='line_1_32' title="bbox 654 4240 2832 4331; baseline 0 -23"><span class='ocrx_word' id='word_1_254' title='bbox 654 4242 942 4310; x_wconf 86' lang='lat' dir='ltr'>actiones</span> <span class='ocrx_word' id='word_1_255' title='bbox 971 4240 1072 4309; x_wconf 83' lang='lat' dir='ltr'>vel</span> <span class='ocrx_word' id='word_1_256' title='bbox 1108 4240 1481 4329; x_wconf 81' lang='lat' dir='ltr'>qualitates,</span> <span class='ocrx_word' id='word_1_257' title='bbox 1514 4276 1603 4287; x_wconf 94' lang='lat'>—-</span> <span class='ocrx_word' id='word_1_258' title='bbox 1639 4261 1952 4327; x_wconf 86' lang='lat' dir='ltr'>personas</span> <span class='ocrx_word' id='word_1_259' title='bbox 1989 4241 2090 4309; x_wconf 84' lang='lat' dir='ltr'>vel</span> <span class='ocrx_word' id='word_1_260' title='bbox 2121 4264 2226 4309; x_wconf 86' lang='lat' dir='ltr'>res</span> <span class='ocrx_word' id='word_1_261' title='bbox 2260 4247 2548 4330; x_wconf 77' lang='lat' dir='ltr'>agente3‚</span> <span class='ocrx_word' id='word_1_262' title='bbox 2584 4240 2832 4331; x_wconf 86' lang='lat' dir='ltr'>patien-</span> 
     </span>
     <span class='ocr_line' id='line_1_33' title="bbox 653 4345 2832 4439; baseline 0.001 -24"><span class='ocrx_word' id='word_1_263' title='bbox 653 4355 751 4416; x_wconf 87' lang='lat' dir='ltr'>tes</span> <span class='ocrx_word' id='word_1_264' title='bbox 781 4348 883 4416; x_wconf 83' lang='lat' dir='ltr'>vel</span> <span class='ocrx_word' id='word_1_265' title='bbox 910 4348 1343 4438; x_wconf 86' lang='lat' dir='ltr'>qualitatihus</span> <span class='ocrx_word' id='word_1_266' title='bbox 1370 4345 1697 4436; x_wconf 79' lang='lat' dir='ltr'>praeditas,</span> <span class='ocrx_word' id='word_1_267' title='bbox 1717 4385 1796 4400; x_wconf 90' lang='lat'>——-</span> <span class='ocrx_word' id='word_1_268' title='bbox 1818 4349 1949 4417; x_wconf 91' lang='lat' dir='ltr'>duo</span> <span class='ocrx_word' id='word_1_269' title='bbox 1971 4371 2233 4439; x_wconf 85' lang='lat' dir='ltr'>quoque</span> <span class='ocrx_word' id='word_1_270' title='bbox 2265 4349 2565 4419; x_wconf 89' lang='lat' dir='ltr'>radicum</span> <span class='ocrx_word' id='word_1_271' title='bbox 2592 4368 2832 4438; x_wconf 60' lang='lat' dir='ltr'>genera</span> 
     </span>
    </p>
   </div>
   <div class='ocr_carea' id='block_1_5' title="bbox 3209 2832 3224 3370">
    <p class='ocr_par' dir='ltr' id='par_1_5' title="bbox 3209 2832 3224 3370">
     <span class='ocr_line' id='line_1_34' title="bbox 3209 2832 3224 3370; baseline 0 0"><span class='ocrx_word' id='word_1_272' title='bbox 3209 2832 3224 3370; x_wconf 95' lang='lat' dir='ltr'> </span> 
     </span>
    </p>
   </div>
  </div>
 </body>
</html>
