3234 5150
1552 474 1868 530 -108—

622 605 708 672 tis
734 605 929 672 dator
956 610 1019 678 et
1058 599 1711 674 suffixaseoundaria
1747 625 1814 682 α,
1845 588 2136 676 Iatinon,
2167 619 2237 675 u,
2273 579 2805 692 ortum'est3-non

624 731 739 800 per
780 709 1136 799 genuinam
1180 707 1654 778 derivationem
1692 713 1767 776 ut
1799 707 1938 797 jam
1971 726 2168 794 supra
2201 703 2514 770 lectorem
2547 699 2799 776 monui,

622 817 736 887 sed
769 837 885 905 per
914 815 1437 883 cumulationem
1470 814 1883 882 suffixarum.
1917 813 2053 879 Imo
2083 811 2226 900 ipso
2255 808 2523 876 nomine
2556 807 2807 896 agentis

623 920 695 989 in
737 932 869 1000 tar,
923 928 1270 1012 postquam
1321 921 1497 989 notio
1539 921 1794 1010 agentis
1830 921 1897 987 in
1928 919 2311 988 universum
2339 936 2643 1005 expressa
2674 914 2807 981 fue-

627 1037 754 1110 rat,
794 1029 1114 1120 paulatim
1163 1029 1235 1097 in
1277 1029 1662 1098 sanseritica
1713 1029 1931 1118 lingua
1980 1048 2113 1094 non
2151 1027 2288 1114 jam
2328 1046 2528 1114 ayens
2553 1022 2621 1092 in
2653 1043 2807 1112 prae-

623 1137 817 1214 senti,
854 1137 966 1206 sed
1002 1147 1276 1205 acturus
1316 1137 1384 1204 in
1414 1138 1640 1207 futuro
1666 1143 1959 1226 tempore
1987 1133 2362 1222 designatus
2389 1139 2510 1210 est,
2541 1139 2602 1199 et
2633 1129 2807 1220 apud

621 1245 1087 1334 grammaticos
1123 1243 1331 1312 futuri
1370 1243 1753 1333 paradigma
1781 1242 2108 1333 reperitur
2137 1239 2311 1329 quod
2344 1260 2381 1307 e
2405 1237 2807 1306 nominativo

632 1353 831 1442 hujus
888 1351 1199 1421 thematis
1248 1359 1311 1420 et
1358 1351 1588 1419 formis
1630 1351 1816 1420 flexis
1858 1349 2033 1419 verbi
2083 1372 2159 1415 as
2194 1373 2226 1412 «
2260 1368 2402 1416 esse
2436 1371 2469 1411 »
2501 1351 2803 1442 constat:

623 1461 810 1526 datta
845 1462 1019 1528 asmi
1055 1486 1088 1524 «
1124 1459 1312 1527 dator
1340 1480 1490 1527 sum
1520 1484 1581 1535 »,
1616 1457 1685 1525 id
1714 1467 1812 1528 est
1847 1482 1880 1522 «
1916 1455 2083 1525 daho
2108 1481 2168 1521 ».
2193 1453 2322 1522 Hoc
2349 1458 2570 1520 autem
2596 1472 2808 1554 unum

620 1574 720 1635 est
768 1565 1059 1634 nominis
1112 1565 1363 1655 agentis
1409 1565 1765 1655 exemplar,
1799 1574 2052 1634 certum
2098 1562 2241 1631 dico
2276 1567 2341 1630 et
2369 1560 2814 1650 exploratum,‘

621 1673 835 1765 ipsius
879 1694 994 1763 per
1032 1694 1101 1742 se
1146 1672 1227 1741 ad
1276 1672 1579 1741 futurum
1634 1672 2136 1763 exprimendum
2189 1669 2380 1761 apti„
2408 1677 2522 1738 aut
2574 1668 2808 1737 saltem

622 1781 932 1871 adaptati.
966 1780 1108 1848 Jam
1134 1779 1215 1847 ad
1246 1779 1573 1849 abstracta
1604 1778 1742 1846 sive
1776 1777 2053 1846 actionis
2085 1779 2354 1846 nomina
2384 1797 2810 1847 nosconver-

621 1891 868 1960 tamus,
899 1889 1221 1952 eteorum
1247 1904 1446 1950 usum
1476 1904 1630 1950 cum
1659 1903 1856 1974 supra
1891 1888 2177 1971 spectato
2207 1886 2667 1949 concretorum
2696 1877 2800 1947 vel

622 1994 878 2082 aqentis
906 1990 1256 2062 nominum
1284 1990 1728 2058 conferamus.

670 2098 1049 2174 ,Abstraeta
1104 2098 1370 2169 nomina
1419 2098 1499 2166 ab
1546 2096 1882 2188 adjectivis
1931 2103 1996 2165 et
2037 2095 2404 2186 participiis
2459 2093 2802 2186 praesentis

625 2212 740 2275 aut
767 2205 1076 2294 praeteriti
1125 2206 1249 2272 hoc
1285 2203 1604 2280 differunt
1638 2204 1813 2294 quod
1847 2225 1980 2272 non
2029 2210 2287 2271 tantum
2329 2203 2665 2273 sentcntiae
2714 2203 2800 2280 vi,

620 2312 735 2382 sed
769 2313 905 2402 ipsa
939 2313 1175 2390 forma,
1216 2351 1301 2364 -
1327 2334 1363 2381 a
1390 2312 1754 2402 participiis
1804 2319 2025 2380 autem
2063 2312 2270 2380 futuri
2309 2312 2424 2379 illo
2466 2311 2642 2402 quod
2671 2333 2804 2379 non

622 2418 768 2512 ipso
808 2420 1119 2496 themate,
1160 2426 1234 2487 ut
1285 2418 1501 2508 primo
1534 2419 1803 2507 quidem
1853 2419 2166 2508 adspectu
2205 2418 2484 2497 videtur,
2525 2417 2638 2486 sed
2678 2407 2808 2486 ter-

625 2525 1101 2596 minationibus
1166 2533 1423 2597 tantum
1482 2547 1784 2606 casuum,
1832 2566 1923 2579 —
1975 2525 2378 2619 conjunctivi
2427 2533 2491 2595 et
2537 2525 2805 2616 optativi

621 2636 722 2703 vel
768 2634 978 2703 futuri
1010 2656 1242 2703 sensus
1278 2634 1650 2723 significare
1674 2641 1971 2725 possunt.

714 2742 930 2819 Quum
962 2741 1133 2818 dico,
1166 2740 1221 2808 si
1259 2740 1428 2807 mihi
1462 2741 1664 2808 latine
1713 2740 1928 2808 dicere
1979 2739 2137 2807 licet
2171 2737 2347 2829 quod
2376 2739 2600 2808 vedice
2640 2748 2817 2809 certe

624 2846 1099 2924 sitemendata
1160 2847 1407 2915 locutio
1459 2846 1632 2938 (vide
1681 2867 1879 2936 supra
1925 2869 1990 2935 p.
2042 2845 2198 2931 100)
2262 2873 2294 2910 «
2357 2846 2470 2915 Via
2523 2846 2817 2936 aperitur

622 2958 939 3023 adventui
977 2955 1244 3025 Caesaris
1284 2982 1346 3034 »,
1376 2954 1741 3044 notio—finis
1776 2954 2054 3044 exprimi
2080 2953 2339 3023 videtur
2370 2953 2513 3043 ipsa
2548 2954 2816 3044 quidem

622 3063 832 3131 forma
868 3062 1155 3131 nominis
1203 3065 1539 3137 adventui,
1585 3062 1698 3131 sed
1734 3060 1948 3130 dativo
1984 3069 2240 3131 tantum
2293 3084 2474 3139 casu,
2506 3084 2637 3129 non
2667 3061 2814 3151 ipso

621 3174 909 3241 themate
938 3175 1276 3250 adventu-‚
1311 3194 1520 3261 quum
1549 3172 1776 3240 eodem
1803 3172 2094 3239 themate
2122 3172 2192 3238 in
2223 3171 2352 3238 alio
2379 3193 2536 3239 casu
2568 3172 2804 3261 posito,

624 3301 741 3348 seu
768 3300 965 3348 causa
1000 3305 1032 3342 «
1060 3281 1353 3346 Adventu
1385 3277 1653 3347 Caesaris
1679 3278 1923 3346 milites
1972 3277 2342 3346 confirmati
2374 3286 2528 3346 sunt
2553 3304 2613 3355 »,
2660 3299 2802 3356 seu,

622 3385 959 3455 sententiae
990 3385 1315 3454 universae
1343 3392 1565 3454 tenore
1614 3386 1966 3474 adjuvante
2017 3384 2196 3472 (nam
2240 3406 2322 3453 ne
2378 3384 2486 3452 hie
2539 3384 2804 3473 quidem

623 3491 1052 3581 negligendus
1080 3492 1230 3579 est),
1264 3492 1567 3560 futurum
1600 3517 1634 3556 «
1669 3494 1967 3559 Adventu
1998 3491 2263 3559 Caesaris
2293 3491 2539 3560 milites
2570 3484 2807 3559 confir-

626 3601 986 3669 mabuntur
1014 3625 1075 3677 »‚
1115 3606 1229 3667 aut
1262 3598 1550 3667 conditio
1589 3624 1623 3663 «
1657 3599 1954 3681 Adventu
1985 3598 2254 3666 Caesaris
2301 3599 2545 3667 milites
2572 3598 2807 3667 confir-

625 3715 1043 3785 marentur»,
1078 3714 1232 3784 cet„
1266 3706 1542 3797 exprimi
1574 3707 1851 3796 possint.
1879 3707 1949 3773 In
1978 3707 2196 3796 priore
2228 3706 2432 3796 igitur
2456 3707 2800 3783 sententia,

622 3823 761 3892 aut,
820 3836 903 3883 ne
955 3814 1161 3882 ullam
1222 3814 1292 3882 in
1350 3814 1553 3883 latina
1601 3814 1825 3903 lingua
1881 3814 2270 3883 insolentem
2324 3815 2675 3903 fingamuS,
2740 3815 2806 3882 in

626 3922 847 3990 vedica
894 3921 1033 4011 jam
1084 3942 1281 4011 supra
1322 3920 1518 3988 allata
1568 3930 1677 3986 tva
1859 3922 2227 3987 havamahe
2437 3923 2636 4009 bhuje
2657 3948 2689 3985 «
2725 3924 2809 3990 Te

625 4028 1010 4096 invocamur
1034 4029 1353 4115 fruitioni
1385 4051 1448 4105 »‚
1486 4025 1553 4093 id
1576 4032 1675 4093 est
1711 4049 1744 4088 «
1783 4030 1857 4093 ut
1889 4025 2078 4093 honis
2108 4024 2414 4093 fruamur
2444 4051 2508 4103 »,
2541 4027 2808 4095 nomine

627 4136 900 4204 actionis
925 4136 1138 4202 dativi
1162 4136 1628 4201 terminatione
1651 4136 1974 4200 instructo
1995 4132 2169 4202 idem
2198 4155 2432 4201 sensus
2453 4134 2807 4222 significari

632 4244 849 4333 potuit·
880 4265 1077 4332 quem
1124 4243 1194 4310 in
1237 4243 1434 4311 verbo
1467 4239 1883 4330 conjunctivo
1942 4248 2056 4310 aut
2096 4238 2380 4331 optativo
2423 4234 2802 4331 expressum

632 4349 1021 4439 reperimus.
2688 4340 2697 4350 '
2783 4340 2790 4348 ’
