3234 5150
1362 447 1644 502 —57—

501 569 585 637 De
616 569 880 639 notione
926 569 1281 660 cupidiniS‚
1325 573 1459 641 sive
1502 574 1826 644 intensivo
1871 589 1896 641 ·ῐ
1947 599 1980 640 (ι
2017 596 2228 656 orare,
2259 587 2590 666 cupere»,

414 676 551 744 sive
585 677 807 747 radice
837 702 945 767 ·ya
1004 705 1037 743 «
1084 679 1187 750 ire
1238 707 1270 744 »
1334 681 1728 751 declaranda
1767 687 1905 775 jam
1949 683 2153 752 locuti
2215 705 2469 752 sumus.
2523 684 2594 752 In

414 785 764 875 utriusque
821 793 1039 855 autem
1088 788 1268 856 modi
1317 787 1857 880 interpretatione
1903 791 2334 860 Delhruckius
2393 779 2593 858 Curtii

414 893 829 972 sententiam,
882 917 1089 983 quum
1134 895 1213 964 de
1254 896 1490 976 forma,
1541 905 1685 967 tum
1737 899 1816 968 de
1857 899 2222 977 intellectu,
2282 899 2467 988 sequi
2525 918 2594 966 se

412 1003 744 1093 professus
788 1006 1110 1081 est,·eam
1150 1002 1295 1074 dico
1330 1006 1409 1074 de
1439 1005 2009 1097 intellectu'quam
2042 1007 2109 1075 in
2145 1007 2362 1098 priore
2401 1027 2598 1096 opere

416 1111 891 1200 (Chronoloqie,
944 1134 1008 1200 p.
1045 1113 1124 1181 81
1159 1119 1223 1180 et
1252 1113 1365 1202 92)
1396 1114 1628 1184 doctus
1671 1115 1773 1183 vir
1803 1115 2025 1185 minus
2077 1117 2378 1184 accurate
2406 1135 2592 1204 expo·

368 1253 373 1256 ·
413 1223 667 1297 suerat;
698 1218 871 1307 quod
900 1224 1191 1288 nostram
1231 1243 1578 1290 censuram
1614 1222 2044 1313 comprobare
2081 1223 2358 1291 videtur.
2405 1223 2592 1290 Illam

414 1330 727 1402 ceterum,
758 1344 957 1412 quam
980 1324 1442 1406 indicavimuS,
1476 1327 1931 1396 difficultatem
1958 1329 2096 1419 ipse
2133 1328 2586 1402 Delhruckius‚

414 1437 488 1500 ut
529 1430 783 1520 opinor,
828 1431 1170 1511 intellexit,
1220 1455 1427 1523 quum
1470 1433 2012 1524 antiquissimum
2059 1435 2408 1504 modorum
2453 1455 2593 1503 sen·

359 1613 372 1626 ,
414 1559 562 1607 sum
605 1537 675 1606 in
710 1538 923 1628 prima
958 1547 1213 1609 tantum
1260 1562 1549 1630 persona
1602 1542 1878 1632 reperiri
1928 1564 2119 1633 posse
2173 1542 2398 1612 docuit
2442 1541 2594 1630 (Der

416 1647 774 1725 Gebrauch,
813 1669 880 1737 p.
921 1646 1029 1724 1-5,
1069 1649 1154 1716 cf.
1186 1649 1324 1738 17).
1362 1651 1531 1718 Num
1564 1655 1789 1718 autem
1825 1671 2037 1740 operae
2077 1651 2361 1739 pretium
2399 1656 2499 1718 est
2525 1649 2592 1718 id

409 1773 599 1847 agere
627 1759 701 1821 ut
736 1753 1087 1821 modorum
1135 1754 1233 1823 vis
1277 1755 1357 1822 ad
1388 1755 1599 1845 ipsam
1640 1757 2007 1824 formarum
2054 1757 2397 1825 materiam
2434 1755 2595 1824 refe·

411 1867 617 1938 ratur,
644 1868 727 1946 ⁵ct
766 1868 913 1930 tam·
942 1862 1140 1932 arctis
1177 1863 1460 1931 vinculis
1508 1885 1663 1933 cum
1722 1885 1797 1932 ea
1855 1864 2319 1953 conjungatur,
2383 1887 2590 1953 quum
2640 1918 2647 1924 .

408 1969 749 2062 proposita·
789 1969 1240 2060 interpretatio
1286 1971 1406 2039 uni
1455 1977 1714 2041 tantum
1763 1993 2059 2062 personae
2105 1972 2589 2042 accommodari

411 2079 636 2168 possit,
678 2086 740 2149 ct
779 2078 892 2149 ubi
934 2080 1015 2149 de
1054 2079 1337 2148 secunda
1375 2086 1490 2148 aut
1511 2081 1705 2149 tertia
1731 2088 1982 2170 agatur,
2028 2079 2107 2150 ad
2162 2080 2444 2149 abusum
2480 2087 2594 2150 aut

412 2187 493 2256 ad
520 2187 1043 2270 communicatos
1072 2193 1332 2260 Tscnsus
1371 2188 1457 2256 sit
1489 2188 2052 2278 confugiendum?

418 2327 428 2338 -
497 2295 700 2364 Curtii
733 2294 1004 2384 quidem
1037 2296 1115 2364 de
1149 2296 1486 2365 intellectu
1505 2296 1864 2385 judicium,
1912 2297 2104 2386 quale
2134 2296 2204 2365 in
2233 2296 2593 2386 posteriore

412 2424 603 2494 opere
636 2405 795 2496 (Das
828 2403 1124 2492 Verbum)
1162 2403 1528 2494 expositum
1563 2410 1685 2480 cst,
1720 2404 1958 2472 melius
1992 2425 2145 2473 cum
2186 2405 2480 2494 ejusdem
2513 2404 2592 2474 de

410 2512 622 2583 forma
669 2510 989 2580 sententia
1038 2531 1397 2607 congruere
1450 2532 1755 2601 agnosco.
1807 2513 1982 2581 Hanc
2019 2520 2239 2581 autem
2270 2512 2348 2581 de
2380 2512 2592 2583 forma

414 2620 803 2689 sententiam
856 2620 1041 2710 sequi
1085 2642 1189 2689 me
1231 2640 1423 2710 posse
1464 2620 1719 2709 negavi.
1760 2620 2084 2698 Ceterum,
2128 2642 2256 2707 non
2301 2621 2584 2700 Curtius,

410 2728 523 2796 sed
548 2726 979 2797 Delhruckius
997 2726 1076 2795 ab
1106 2727 1246 2804 illo,
1283 2748 1479 2815 quem
1512 2727 1724 2805 finxit,
1754 2727 2104 2796 modorum
2129 2728 2590 2818 antiquissimo

400 2838 607 2907 'sensu
654 2835 945 2925 reliquos
1000 2855 1227 2903 omnes
1261 2834 1585 2904 deducere
1623 2842 1896 2905 conatus
1944 2843 2064 2903 est.
2115 2837 2185 2903 In
2233 2837 2592 2927 posteriore

408 2943 634 3039 igitur,
692 2965 891 3033 quam
936 2944 1075 3033 jam
1114 2930 1555 3033 vaggggressurus
1607 2964 1782 3021 sum,
1833 2943 2068 3034 capitis
2112 2949 2319 3033 parte,
2383 2966 2590 3033 quum

409 3058 611 3120 totam
646 3052 727 3119 de
758 3052 969 3119 forma
1003 3050 1455 3141 quaestionem,
1492 3058 1566 3120 ut
1599 3072 1802 3141 supra
1850 3050 2172 3128 nuntiavi,
2214 3051 2589 3119 omissurus

408 3159 560 3237 sim,
580 3158 949 3227 Delhruckii
970 3157 1261 3247 vestigiis
1281 3157 1527 3225 instare
1552 3178 1660 3225 me
1681 3179 1944 3226 necesse
1963 3158 2112 3235 erit,
2141 3180 2178 3227 a
2198 3158 2462 3226 notione
2487 3182 2589 3227 vo-

408 3265 681 3335 luntatis
711 3265 780 3335 in
811 3266 1252 3355 conjunctim,
1283 3264 1619 3356 cupidinis
1647 3265 1716 3334 in
1747 3266 2056 3356 optativ0,
2084 3266 2581 3356 progredientis,

1291 3567 1371 3632 B.
1413 3567 1505 3633 De
1541 3588 1693 3633 usu.

404 3848 409 3851 .
495 3792 681 3858 Nunc
732 3790 813 3859 de
858 3789 1115 3858 ratione
1171 3786 1527 3859 dicendum
1583 3797 1684 3859 est
1750 3811 1879 3879 qua
1943 3788 2374 3859 Delhruckius
2425 3792 2446 3879 (
2459 3792 2588 3857 Der

386 3899 742 3967 .Gebrauch
796 3900 907 3964 des
947 3898 1366 3985 Gonjunctivs
1407 3899 1551 3963 und·
1577 3896 1892 3987 optativa)
1932 3917 2158 3975 omnes
2187 3896 2585 3985 conjunctivi

408 4013 473 4073 et
515 4004 782 4094 optativi
824 4024 1056 4072 sensus
1086 4004 1198 4091 qui
1247 4004 1317 4071 in
1352 4003 1800 4071 monumentis
1834 4003 2323 4081 vetustissimis,
2375 4025 2584 4092 quum

408 4110 830 4188 sanscriticae,
859 4116 1003 4179 tum
1027 4131 1250 4200 graecae
1282 4110 1546 4200 linguae,
1588 4110 2036 4200 reperiuntur,
2065 4132 2102 4177 a
2137 4109 2395 4179 duobus
2423 4110 2580 4188 illis,

410 4239 574 4308 quos
629 4218 929 4296 finxerat,
980 4216 1283 4305 sensibus
1333 4217 1680 4301 deducere,
1719 4222 1784 4285 et
1822 4216 1891 4283 in
1924 4216 2090 4305 duo,
2125 4238 2258 4305 non
2305 4216 2477 4285 inter
2515 4238 2585 4286 se

412 4324 673 4402 mixtos,
708 4324 823 4394 sed
857 4322 1046 4415 qua'si
1077 4325 1429 4415 parallelos
1478 4324 1769 4405 ordineS,
1811 4325 2092 4394 alterum
2126 4345 2163 4392 a
2199 4325 2577 4404 voluntatis,
