3234 5150
1365 498 1646 554 ..ῃ-.-

418 623 578 714 ipsis
602 623 837 691 formis
864 623 1070 690 futuri
1107 644 1313 712 genus
1344 625 1807 714 indoeuropaeo
1849 623 2135 692 sermoni
2174 625 2464 715 primum
2507 625 2574 693 in

419 731 754 800 culcatum
791 729 1015 798 fuisse.
1066 731 1245 809 Quod
1278 731 1333 798 si
1365 732 1454 800 ita
1486 732 1743 811 accidit,
1781 733 1957 800 haud
1987 732 2144 800 satis
2175 732 2464 822 intelligo
2494 756 2600 802 cu-

413 838 707 932 jusmodi
757 838 992 915 abusu,
1051 860 1085 905 e
1141 838 1359 928 priore
1405 841 1692 929 quodam
1741 848 1805 908 et
1856 861 1932 908 eo
1982 841 2412 909 contractiore
2472 864 2599 910 usu

421 969 618 1038 supra
649 946 839 1014 dictae
871 946 1099 1014 formae
1142 947 1224 1014 ad
1272 969 1479 1035 genus
1520 949 1817 1017 nondum
1863 950 2208 1033 definitum
2241 949 2601 1038 exprimen-

420 1056 579 1124 dum
634 1053 977 1122 transferri
1032 1053 1427 1143 potuerint¹.
1469 1039 1650 1123 'Illud
1701 1063 1922 1123 tamen
1961 1055 2124 1123 velle
2166 1056 2423 1124 videtur
2462 1057 2597 1124 Del-

422 1162 762 1239 hruckiuS,
799 1162 958 1229 dum
998 1162 1285 1251 primam
1323 1162 1453 1230 vim
1496 1163 1764 1253 optativi
1801 1162 2304 1253 pronuntiandae
2353 1163 2604 1253 cupidi-

424 1269 526 1337 nis
559 1275 813 1336 tantum
850 1268 1056 1336 fuisse
1080 1269 1439 1347 contendit,
1473 1271 1653 1338 unde
1683 1270 1765 1338 ad
1793 1270 2001 1337 futuri
2032 1270 2598 1360 significationem,

425 1377 492 1445 in
525 1376 827 1467 optativis
866 1383 1041 1444 certe
1069 1376 1332 1467 proprie
1366 1378 1582 1457 dictis,
1617 1377 1853 1446 iisdem
1895 1377 2030 1445 fere
2059 1378 2371 1466 gradibus
2409 1385 2604 1467 atque

424 1487 492 1554 in
537 1485 949 1574 conjunctivo
987 1505 1255 1574 pergere
1303 1486 1558 1554 nititur.
1596 1486 1770 1564 Quos
1806 1487 1944 1575 jam
1989 1486 2230 1575 gradus
2273 1507 2606 1576 percurre-

425 1616 574 1663 mus
602 1601 949 1685 postquam
994 1595 1059 1662 id
1104 1595 1418 1662 ultimum
1465 1603 1771 1674 notavero
1816 1620 1846 1662 ε·
1883 1595 2139 1664 etiamsi
2182 1602 2500 1687 tempora,
2536 1597 2606 1664 in

422 1703 777 1791 longinqua
822 1702 937 1769 illa
978 1702 1388 1790 antiquitate,
1440 1704 1614 1792 quod
1661 1705 1743 1771 ad
1777 1703 2284 1793 significationes·
2313 1726 2607 1771 commu-

424 1812 738 1880 nicandas
778 1809 1031 1887 attinet,
1078 1810 1305 1877 eadem
1350 1811 1628 1879 fuissent
1675 1817 1870 1899 atque
1912 1811 1982 1877 in
2008 1811 2366 1880 recentiore
2395 1818 2602 1890 aetate,

426 1940 660 2008 nempe
704 1919 758 1985 si
798 1919 938 2006 jam
981 1939 1196 2018 sermpo
1230 1919 1439 1986 futuri
1482 1920 1740 2008 generis
1785 1920 1974 2006 quasi
2005 1919 2307 1987 conscius
2349 1921 2606 1998 fuisset,

428 2029 600 2096 viam
630 2033 805 2096 certe
833 2026 1042 2094 futuri
1068 2048 1184 2116 per
1216 2027 1499 2094 abusum
1530 2027 1964 2117 exprimendi,
2001 2021 2266 2094 auctore
2295 2027 2437 2117 ipso
2470 2026 2611 2095 Del-

410 2135 731 2212 ,br-ucho,
769 2135 959 2223 longe
1004 2133 1327 2202 diversam
1370 2135 1595 2203 fuisse.
1647 2137 1786 2202 Non
1821 2135 1998 2202 enim
2043 2135 2289 2204 formas
2318 2137 2398 2204 ad
2446 2137 2613 2204 futu-

429 2265 578 2311 rum
606 2242 1107 2332 exprimendum
1135 2243 1487 2310 translatas
1512 2237 1844 2333 primitus,
1881 2242 2160 2333 exempli
2191 2265 2414 2320 causa,
2453 2268 2486 2307 «
2519 2245 2610 2311 le·-

429 2372 576 2440 gere
600 2350 741 2418 volo
770 2349 889 2426 vis,
928 2349 1146 2426 vult»,
1182 2351 1349 2417 sed«
1374 2350 1521 2417 volo
1550 2356 1664 2418 aut
1683 2337 1876 2441 cupio
1893 2350 2129 2439 legere,
2150 2351 2351 2439 legaS,
2371 2351 2543 2440 legat
2577 2376 2608 2415 »

429 2455 895 2546 significavisse
932 2455 1139 2544 fingit.

518 2565 627 2633 His
670 2562 1029 2654 praemissis
1074 2561 1375 2652 quamvis
1419 2563 1499 2631 de
1536 2561 1910 2632 Delbruckii
1946 2562 2242 2632 doctrina
2273 2562 2606 2646 universa,

436 2672 609 2762 quod
639 2671 721 2739 ad
758 2671 1117 2752 minutum,
1164 2692 1361 2760 quem
1400 2676 1610 2749 vocat,
1669 2670 2031 2760 optativum
2073 2677 2341 2761 spectat,
2384 2672 2619 2761 praeju-

441 2780 644 2849 dicari
685 2778 915 2869 possit,
970 2779 1115 2869 ejus
1164 2784 1386 2847 tamen
1438 2786 1657 2868 partes
1716 2778 2090 2847 subtiliores
2141 2777 2613 2866 disquiramus,
2717 2766 2721 2771 ⁴

436 2888 653 2957 Animi
685 2893 927 2965 motUS,
961 2908 1197 2975 nempe
1236 2886 1590 2975 cupidinis,
1628 2886 1760 2954 vim
1793 2886 1934 2953 fieri
1966 2886 2290 2953 minorem
2331 2885 2517 2952 docet
2555 2909 2568 2949 z

525 2995 767 3073 Prim0,
794 2993 909 3060 ubi
937 2993 1174 3083 cupido
1204 2993 1285 3059 ad
1307 2994 1634 3061 incertum
1665 2993 1995 3081 quoddam
2025 2998 2286 3080 tempus
2309 2992 2616 3059 refertur.

437 3098 742 3191 Exempla
765 3107 982 3168 autem
1013 3100 1318 3190 proponit
1345 3100 1586 3189 quibus
1628 3120 1711 3167 ne
1752 3100 1966 3167 ullum
1994 3098 2259 3187 quidem
2291 3096 2619 3187 cupidinis

441 3222 669 3299 germS,
716 3208 827 3275 sed
869 3208 1170 3275 voluntas
1207 3213 1321 3274 aut
1367 3207 1586 3297 potius
1628 3208 1859 3295 jussus
1894 3205 2415 3295 exprimitur,·ut
2461 3224 2621 3293 prae-

442 3323 625 3405 cepta
661 3336 696 3381 e
736 3312 1127 3380 Brahmanis
1156 3314 1414 3391 hausta,
1452 3314 1593 3397 Cat.
1628 3315 1744 3379 Br.
1790 3315 1898 3391 11,
1941 3314 2004 3393 5,
2044 3314 2108 3392 6,
2155 3313 2219 3391 2,
2254 3313 2622 3378 dhar-ahav-

444 3425 693 3511 dadyat
731 3447 764 3484 «
792 3419 1090 3497 Quotidie
1124 3420 1318 3499 det»,
1356 3441 1501 3509 quae
1536 3421 1678 3509 jam
1715 3420 1854 3511 ipse
1880 3420 2308 3513 attulistquum
2339 3419 2416 3485 de
2446 3425 2623 3507 opta-

444 3530 558 3599 tivi
590 3535 653 3597 et
679 3527 1079 3617 conjunctivi
1106 3527 1409 3595 sensibus
1444 3526 1616 3595 inter
1648 3548 1718 3610 se
1755 3526 1979 3593 mixtis
2009 3512 2423 3593 dissererem.

536 3636 856 3712 SecundO,
910 3656 1116 3723 quum
1166 3633 1343 3723 quod
1400 3634 1732 3724 cupimuS‚
1772 3656 1903 3716 non
1948 3639 2201 3721 sponte,
2251 3632 2365 3699 sed
2401 3625 2622 3719 aliqua

449 3766 520 3814 re
548 3749 837 3833 cogente,
872 3742 1001 3809 alia
1032 3742 1160 3809 fine
1194 3740 1549 3831 proposita,
1583 3740 1914 3830 cupimuS,
1957 3740 2024 3808 id
2051 3745 2151 3807 est
2175 3737 2618 3823 concedimus.

456 3855 818 3921 Voluntatis
848 3850 1117 3939 quidem
1148 3850 1409 3940 signum
1436 3850 1516 3917 ad
1554 3848 2042 3917 concessionem
2068 3846 2410 3915 transferri
2437 3865 2624 3936 posse

453 3962 643 4031 facile
672 3958 936 4035 admisi,
976 3956 1154 4024 idem
1185 3963 1405 4025 autem
1435 3956 1515 4025 de
1560 3958 1898 4044 cupidinis
1920 3954 2130 4044 'signo
2163 3954 2304 4022 fieri
2335 3953 2624 4043 potuisse

461 4233 466 4240 ·
515 4206 561 4255 1.
597 4204 770 4254 Futuri
798 4200 1014 4252 notionis
1038 4200 1281 4263 generalis
1307 4198 1359 4247 in
1384 4204 1549 4247 mente
1578 4194 1826 4258 majorum
1858 4199 2143 4244 nostrorum
2163 4194 2243 4243 vix
2269 4192 2491 4249 orienti&
2518 4206 2626 4243 eam

453 4278 605 4332 fuisse
626 4276 728 4326 vim
750 4273 994 4335 intelligo,
1019 4278 1076 4320 ut
1108 4284 1137 4319 e
1177 4270 1329 4319 variis
1356 4268 1547 4327 formiS‚
1572 4268 1794 4317 nondum
1820 4271 2014 4315 certum
2040 4265 2402 4328 definitumque
2429 4278 2628 4313 sensum

456 4346 863 4413 exprimentibUS,
892 4344 1127 4407 quasdam
1150 4340 1443 4406 partitionis
1466 4341 1573 4403 lege
1600 4337 1696 4387 sibi
1719 4337 2002 4395 vindicaret,
2037 4351 2136 4387 non
2163 4342 2328 4387 autem
2358 4341 2416 4385 ut
2445 4336 2630 4388 formas

455 4422 555 4482 iam
571 4432 672 4468 uno
692 4412 741 4467 et
758 4413 1091 4466 'determinato
1114 4428 1210 4463 usu
1233 4412 1449 4476 prolatas
1478 4412 1539 4461 ad
1567 4425 1620 4459 se
1644 4408 1784 4473 quasi
1817 4409 2056 4458 traheret.
