3234 5150
1630 453 1910 508 -60-

680 581 1165 650 accommodari
1234 587 1533 672 possunt,
1594 589 1657 651 et
1734 603 1880 671 quae
1929 581 2069 670 ipse
2134 575 2563 648 Delbruckius
2617 597 2855 666 parum

679 696 888 778 urget.

765 797 893 863 Nec
947 795 1219 887 propius
1266 794 1588 864 destinata
1638 795 1834 862 ferire
1868 794 2126 863 videtur
2171 793 2268 861 vir
2315 793 2546 862 doctus
2588 815 2793 882 quum
2824 815 2860 862 e

676 903 995 992 negativis
1024 902 1363 972 sententiis
1396 923 1650 970 meram
1697 923 1959 992 quoque
2010 901 2365 969 voluntatis
2389 901 2862 991 pronuntiatio-

676 1033 829 1082 nem
875 1011 1221 1102 negatione
1275 1010 1594 1079 variatam
1637 1011 1907 1079 haurire
1944 1010 2205 1087 nititur,
2257 1009 2348 1078 ita
2396 1017 2471 1078 ut
2520 1010 2720 1078 timor
2757 1009 2862 1078 vel

675 1119 893 1187 cautio
934 1118 1325 1187 declaretur.
1376 1119 1584 1197 Quam
1628 1117 1806 1185 enim
1845 1143 1877 1182 «
1914 1117 2353 1186 hortationem
2387 1118 2468 1186 ad
2498 1138 2631 1185 non
2674 1139 2860 1210 agen-

676 1228 836 1295 dum
875 1253 907 1291 »
941 1226 1011 1294 in
1045 1226 1333 1294 secunda
1358 1233 1619 1294 tantum
1650 1233 1715 1295 et
1745 1225 1937 1294 tertia
1977 1246 2254 1318 persona
2295 1220 2576 1314 agnovit,
2621 1247 2695 1292 ea
2725 1247 2859 1292 non

677 1335 914 1402 minus·
944 1333 1177 1423 primae
1223 1331 1448 1400 subest
1490 1332 1559 1399 in
1611 1333 1736 1400 hoc
1767 1333 2064 1422 exemplo
2102 1355 2116 1398 ε
2173 1333 2245 1409 ΙΙ,
2299 1332 2407 1401 28.
2459 1331 2526 1408 9,
2571 1331 2858 1400 mc'z'hdm

672 1443 932 1529 rajann·
987 1442 1432 1528 anyctkritena
1488 1442 1774 1530 blmjam,
1858 1466 1890 1504 «
1942 1441 2064 1517 Ne,·
2114 1461 2248 1517 rex,
2322 1439 2532 1507 aliena
2598 1447 2858 1529 peccata

672 1551 857 1618 luam
893 1575 955 1627 »,
990 1557 1054 1616 et
1090 1548 1449 1616 similibus.
1486 1547 1729 1617 Sensus
1779 1547 2125 1616 manifesto
2163 1555 2278 1615 est·
2304 1573 2338 1611 «
2371 1547 2459 1614 Ne
2489 1545 2722 1634 jubeas
2753 1569 2859 1616 mc

672 1656 885 1724 aliena
915 1661 1179 1746 peccata
1220 1654 1405 1722 luere
1440 1680 1500 1731 »,
1532 1675 1691 1731 non,
1722 1661 1797 1721 ut
1823 1652 2132 1742 intelligit
2157 1651 2584 1722 Delbruckius
2624 1678 2656 1716 «
2703 1653 2858 1720 nolo

672 1763 855 1831 luere
885 1789 945 1830 ».
981 1763 1027 1830 E
1062 1763 1293 1853 graecis
1328 1763 1669 1830 sententiis
1709 1783 1744 1829 a
1780 1761 2245 1851 conjunctione
2281 1769 2358 1845 μή
2390 1760 2859 1852 incipientibus

671 1870 999 1962 pleraeque
1029 1870 1218 1938 alteri
1252 1871 1564 1959 subjectae
1616 1876 1794 1948 sunt,
1845 1891 2058 1959 neque
2093 1869 2163 1936 in
2195 1869 2319 1936 hoc
2349 1875 2547 1959 caput
2574 1867 2853 1948 cadunt3

672 1978 946 2068 reliquae
990 1999 1143 2046 vero
1192 1977 1362 2046 nihil
1394 1978 1574 2045 aliud
1612 1976 1985 2067 significant
2039 1976 2167 2044 nisi
2215 1977 2400 2065 jussa
2467 1997 2549 2044 nc
2606 1975 2856 2066 aliquid

674 2080 845 2155 fiat'.
2535 2111 2540 2116 ·

758 2193 899 2260 Jam
930 2191 1012 2260 ad
1046 2191 1426 2284 cupidinem
1476 2190 1760 2281 optativo
1812 2189 2311 2280 exprimendam
2350 2188 2736 2266 transimus,
2778 2187 2857 2256 de

672 2321 800 2388 qua
829 2299 1122 2388 primum
1159 2298 1366 2388 quaeri
1399 2298 1628 2389 possit,
1663 2304 1891 2365 utrum
1924 2319 2041 2387 pro
2072 2295 2402 2366 nobismet
2439 2297 2590 2387 ipsi,
2626 2318 2709 2363 an
2739 2317 2856 2384 pro

672 2406 821 2476 aliis
852 2405 1200 2496 cupiamus
1240 2427 1445 2473 :nam
1500 2404 1555 2471 si
1610 2425 1730 2495 pro
1789 2404 1960 2482 aliis,
2016 2405 2155 2493 jam
2210 2426 2342 2474 non
2393 2425 2570 2472 mera
2619 2403 2857 2494 cupido

672 2513 1068 2592 declaratur,
1096 2514 1207 2582 sed
1230 2513 1467 2604 cupido
1494 2513 1601 2581 cui
1630 2512 2094 2582 benevolentiae
2118 2512 2570 2583 testimonium
2594 2509 2859 2600 adjunc-

671 2628 815 2691 tum
859 2628 979 2690 est.
1028 2621 1215 2689 Illam
1276 2628 1496 2690 autem
1542 2620 2034 2689 distinctionem
2096 2628 2170 2688 ut
2230 2620 2539 2688 leviorem
2597 2618 2850 2687 omitto,

670 2730 869 2799 Multo
897 2729 1075 2797 enim
1107 2729 1375 2817 majoris
1412 2750 1555 2797 esse
1586 2730 1905 2799 momenti
1936 2729 2196 2797 videtur
2228 2750 2522 2818 quaerere
2543 2733 2767 2795 utrum
2801 2727 2856 2796 is

672 2838 741 2905 in
782 2837 971 2924 cujus
1002 2859 1203 2905 manu
1234 2845 1332 2905 est
1364 2859 1467 2904 res
1494 2845 1711 2928 optata
1747 2837 1940 2916 adsit,
1977 2860 2059 2905 an
2093 2859 2246 2905 non.
2287 2838 2353 2904 Si
2391 2838 2596 2915 adest,
2643 2858 2679 2905 e
2708 2844 2854 2904 voto

671 2943 958 3034 precatio
986 2943 1081 3021 fit,
1120 2945 1295 3032 quod
1333 2943 1472 3033 ipse
1503 2942 1936 3012 Delbruckius
1981 2943 2062 3010 de
2097 2943 2450 3011 homericis
2490 2943 2632 3010 istis
2667 2941 2855 3031 profi-

670 3057 845 3117 tetur
880 3074 893 3116 ε
924 3059 997 3127 Λ,
1037 3050 1187 3119 790.
1230 3048 1517 3121 Ἀλλ’·ἔτι
1556 3055 1651 3118 καὶ
1674 3061 1764 3118 νῦν
1801 3050 1957 3147 ‘gabr'
1985 3055 2159 3129 εἴποις
2195 3052 2657 3137 Ἀχιλῆϊ,-ω.,
2693 3051 2848 3119 491.

679 3156 960 3238 Ἐξελθών
999 3186 1080 3237 τις
1124 3162 1252 3225 ἴδοι.
1285 3158 1399 3225 Hie
1427 3179 1580 3248 pars
1616 3158 1975 3246 subjectiva
2028 3179 2180 3225 eum
2227 3158 2448 3247 ipsum
2478 3158 2772 3247 designat
2818 3179 2852 3224 a

673 3287 803 3354 quo
850 3265 1005 3354 quid
1048 3265 1314 3354 petitur.
1350 3264 1518 3341 Quid
1546 3272 1647 3332 est
1675 3272 1894 3333 autem
1927 3265 2354 3343 discriminis,
2389 3266 2563 3355 quod
2590 3266 2853 3353 quidem

672 3372 755 3439 ad
785 3393 925 3443 rem
953 3370 1260 3460 pertinet,
1292 3372 1463 3439 inter
1494 3374 1640 3461 ejus
1681 3372 1861 3440 modi
1903 3372 2256 3441 sententias
2293 3379 2358 3439 et
2404 3394 2513 3439 eas
2570 3393 2852 3461 quarum

672 3500 824 3570 pars
875 3478 1231 3567 subjecti-va
1284 3479 1633 3567 significat,
1698 3487 1812 3549 aut
1859 3502 2210 3569 personam
2276 3479 2680 3568 loquentem,
2743 3486 2856 3547 aut

673 3584 848 3674 quod
878 3585 1145 3674 petitur,
1182 3606 1389 3674 quum
1432 3607 1711 3679 persona
1752 3608 1787 3654 a
1828 3608 1957 3675 qua
1988 3587 2232 3678 petitur
2273 3586 2341 3654 in
2375 3587 2665 3655 vocativo
2698 3608 2853 3654 casu
2915 3644 2926 3654 .

673 3699 788 3759 aut
847 3691 1247 3769 nominetur,
1317 3700 1432 3760 aut
1494 3685 1986 3762 subaudiatur?
2039 3695 2346 3785 Exempla
2415 3701 2568 3763 suut
2631 3693 2852 3762 vedica

673 3799 1073 3869 innumera:
1104 3798 1201 3877 VI,
1252 3801 1362 3879 15,
1404 3802 1467 3877 6,
1523 3807 1802 3890 cique...
1841 3803 2180 3887 vicvabhir
2230 3804 2489 3892 qirbhir
2519 3802 2674 3869 abhz‘
2695 3814 2858 3889 par-

672 3914 790 3973 tim
828 3919 1086 3994 αᾳῃᾱιη,
1135 3908 1438 3974 mddema
1473 3910 1853 3987 catdhimcih
1892 3910 2190 3976 suvi‘rah
2235 3935 2267 3989 ς(
2301 3910 2350 3976 Ο
2389 3908 2611 3997 AgniS,
2651 3908 2857 3976 omni-

671 4015 807 4091 bus
824 4014 1131 4105 precibus
1166 4014 1641 4086 abundantiam
1672 4038 2062 4104 consequar,
2098 4017 2228 4087 laeti
2258 4016 2556 4085 vivamus
2589 4023 2853 4085 centum

732 4220 779 4269 1.
816 4220 1044 4271 Ceterum
1070 4221 1354 4272 meminerit
1377 4223 1534 4274 lector
1562 4222 1793 4274 Curtium
1821 4236 1850 4272 a
1873 4222 2168 4273 Delbruckio
2202 4236 2259 4273 eo
2293 4223 2402 4287 ipso
2433 4221 2700 4272 dissentire
2723 4222 2856 4284 quod

671 4291 1068 4353 antiquissimam
1094 4291 1395 4355 conjunctivi
1416 4293 1535 4351 vim,
1562 4308 1664 4344 non
1686 4306 1877 4344 meram
1895 4294 2201 4345 voluntatem
2231 4293 2532 4352 declaiandi,
2563 4292 2646 4343 sed
2674 4292 2856 4387 impel-

672 4361 826 4419 lendi‚
861 4362 1094 4415 hortandi
1120 4370 1236 4422 cet„
1266 4364 1421 4415 fuisse
1449 4365 1711 4415 existimat.
