3234 5150
1581 420 1864 474 ..θεμ-

626 755 780 816 δ.··-
808 749 899 814 De
926 749 1272 815 modorum
1304 749 1791 836 siqnificatione
1817 747 1899 812 in
1921 744 2262 810 sententiis
2289 743 2805 830 interroqativis.

694 895 798 945 ,-
828 857 919 922 De
945 856 1233 943 optativi·
1245 877 1373 921 usu
1404 857 1477 922 in
1503 857 1803 922 oratione
1821 854 2084 941 obliqua
2111 861 2171 918 et
2203 854 2276 918 in
2301 851 2642 917 sententiis
2669 873 2813 938 quw

714 987 799 1031 eoe
823 964 1158 1046 historicis
1184 964 1579 1052 temporibus
1605 962 1914 1052 pendent.

686 1196 959 1265 ‘Sensus
998 1196 1349 1264 modorum
1388 1195 1513 1262 hoc
1572 1195 1765 1262 titulo
1808 1194 2179 1282 designatos
2217 1190 2287 1258 in
2329 1191 2498 1257 hanc
2547 1197 2804 1279 partem

623 1303 1110 1395 disputationiS,
1144 1323 1351 1393 quum
1402 1302 1702 1371 ordinem
1756 1323 1816 1370 a·
1838 1297 2230 1372 Delbruckio
2274 1297 2652 1366 institutum
2703 1319 2803 1366 se-

618 1433 881 1502 querer,
912 1411 1165 1480 distuli.
1578 1429 1583 1436 ·

709 1519 893 1596 Quod
930 1518 1011 1586 ad
1058 1517 1414 1586 sententias
1462 1517 1960 1607 interrogativas
1993 1519 2245 1600 attinet,
2281 1514 2637 1588 adversarii
2671 1533 2806 1582 ves·

619 1625 799 1714 tigiis
836 1625 905 1692 in
945 1624 1293 1692 dividendo
1333 1632 1720 1714 argumento
1759 1625 2003 1694 instare
2034 1627 2198 1695 mihi
2246 1645 2480 1717 parum
2526 1620 2690 1689 utile
2716 1618 2806 1687 vi-

622 1730 837 1818 detur.
882 1729 1093 1798 Unum
1145 1729 1351 1818 igitur
1388 1736 1453 1798 et
1502 1729 1786 1799 alterum
1837 1732 2057 1799 locum
2118 1732 2434 1821 attingere
2481 1727 2640 1798 satis
2686 1726 2801 1795 ha-.

619 1836 809 1907 bebo,

706 1944 895 2024 Usus,
952 1965 1159 2032 quum
1198 1943 1626 2033 conjunctivi,
1680 1952 1823 2013 tum
1860 1945 2149 2035 optativi,
2195 1947 2268 2014 in
2301 1942 2628 2034 ejusmodi
2662 1961 2801 2010 sen-

616 2051 863 2129 tentiis,
890 2051 1287 2142 plerumque
1326 2051 1503 2118 idem
1534 2051 1670 2120 fere
1701 2060 1801 2121 est
1843 2060 2040 2142 atq-ue
2077 2054 2244 2121 meri
2279 2053 2512 2130 futuri,
2549 2057 2666 2120 aut
2697 2049 2798 2118 fu·

615 2159 750 2228 turi
812 2158 934 2228 sub
986 2158 1359 2227 conditione
1413 2158 1749 2235 affirmati,
1795 2159 1860 2226 id
1901 2168 2000 2229 est
2043 2159 2504 2229 conditionalis
2563 2157 2794 2226 nostri.

615 2266 920 2356 Exempla
952 2266 1347 2344 afferuntur,
1374 2305 1457 2318 --
1487 2267 1888 2356 conjunctivi
1941 2268 2210 2357 quidem
2238 2267 2566 2345 vedicum,
2604 2267 2650 2344 Ι,
2687 2266 2816 2343 40,—

558 2463 561 2466 ἦ
622 2375 685 2451 7,
721 2375 803 2440 ko
841 2376 1276 2461 devaydntam
1316 2374 1600 2462 aenovaj
1630 2376 1898 2462 jdnam,
1935 2400 1968 2439 «
1999 2376 2158 2456 Quis
2197 2376 2382 2466 pium
2414 2381 2818 2464 assequatur„

620 2480 839 2550 virum
884 2481 970 2571 (ei
1006 2479 1247 2549 similis
1280 2480 1419 2570 fiat)
1440 2485 1469 2548 ⁴?
1490 2461 1650 2545 »'-
1681 2503 1996 2570 graecum,
2030 2511 2082 2564 ε,
2123 2483 2278 2562 299,
2317 2482 2396 2551 ’Ὠ
2425 2510 2516 2568 μοι
2547 2489 2662 2569 ἐγὼ
2687 2487 2820 2548 εει-.

618 2597 747 2675 Mc,
778 2597 830 2658 τί
854 2598 915 2658 νύ
951 2618 1041 2674 μοι
1067 2598 1307 2674 μήκιστα
1330 2598 1600 2677 γένηται;
1635 2628 1720 2641 --
1753 2591 2023 2680 optativi
2048 2599 2269 2660 autern
2318 2590 2619 2659 vedicum
2662 2590 2812 2655 Ait.-

618 2699 734 2765 Br.
774 2698 839 2775 2,
880 2698 989 2775 59,
1024 2699 1296 2785 yesham
1321 2720 1365 2763 u
1409 2720 1499 2763 na
1528 2699 1692 2764 veda
1715 2700 1849 2764 kim
1873 2722 1919 2765 u
1949 2708 2008 2765 te
2037 2700 2232 2786 syuh,
2270 2696 2498 2784 «Quos
2531 2695 2797 2786 quidem

621 2825 754 2872 non
783 2803 1059 2884 noverit,
1078 2803 1194 2871 ubi
1228 2803 1980 2894 illi·sint?»-graecum
2001 2814 2069 2885 P,
2095 2805 2250 2882 586,
2271 2802 2505 2893 Ἕκτορ,
2533 2811 2616 2884 τίς
2651 2812 2720 2871 κέ.
2747 2800 2800 2869 σῖ

619 2910 705 2980 ἔτ’·
725 2916 908 2991 ἄλλος
961 2908 1190 2995 Ἀχαιῶν
1236 2919 1589 2999 ταρόήσειενς
1640 2911 1750 2979 His
1797 2918 1972 2980 certe
2013 2932 2128 2980 seu
2172 2910 2632 3000 conjunctivis,
2683 2930 2812 2976 seu-

620 3017 945 3107 optativis,
967 3017 1164 3107 nulla
1193 3017 1548 3086 voluntatis
1584 3025 1700 3086 aut
1729 3017 2062 3108 cupidinis
2092 3017 2272 3085 notio
2306 3017 2549 3085 subest.
2582 3015 2632 3083 Ii
2675 3015 2801 3083 sci-

618 3124 773 3193 licet
808 3146 950 3193 esse
989 3124 1293 3192 videntur
1336 3147 1622 3214 quorum
1650 3125 2084 3193 Delhruckius
2121 3125 2255 3193 vim
2299 3124 2800 3193 minutamesse

620 3230 816 3298 dicat.
861 3231 985 3299 Sed
1019 3253 1151 3299 non
1197 3232 1405 3321 magis
1443 3255 1652 3322 quum
1704 3254 1864 3302 rem.
1889 3254 2039 3301 vere
2069 3238 2359 3322 optatam
2396 3230 2792 3320 significant,

618 3358 829 3407 usum·
845 3360 882 3406 a
904 3338 1258 3428 cupidinis,
1282 3339 1660 3419 voluntatiS,
1696 3340 2087 3408 hortationis
2102 3338 2634 3429 pronuntiatione
2657 3358 2803 3428 pro-

621 3444 829 3516 ficisci
858 3444 1277 3529 crediderim,
1306 3447 1439 3515 sive
1477 3447 1880 3536 conjunctivi
1923 3447 1994 3513 in
2024 3447 2340 3525 hoc,VllI,
2377 3446 2435 3525 7,
2469 3446 2581 3525 50,
2605 3446 2800 3513 'cada'

619 3556 943 3645 qachatha
962 3563 1227 3620 maruta
1249 3556 1433 3622 itthc‘z'
1454 3563 1717 3642 vipram
1748 3557 2215 3631 hova-manant,
2239 3580 2272 3619 «
2303 3553 2572 3632 Quando
2596 3553 2804 3624 venia·

620 3661 732 3741 tis,
752 3662 1056 3738 MaruteS‚
1084 3660 1163 3728 ad
1186 3660 1369 3728 illius
1390 3661 1567 3729 modi
1600 3661 1824 3729 sacerd
1834 3667 2008 3729 otem
2039 3660 2488 3729 invocantem?
2515 3685 2550 3723 »
2565 3698 2647 3709 —
2665 3659 2799 3727 sive

617 3765 887 3855 optativi
917 3766 987 3834 in
1017 3767 1121 3835 his
1160 3792 1174 3834 :
1207 3769 1339 3835 Ait.
1370 3771 1486 3836 Br.
1528 3770 1577 3846 Ι,
1613 3771 1722 3847 27,
1757 3771 2036 3836 Katham
2067 3791 2264 3857 ayam
2307 3777 2571 3835 asmc‘mt
2615 3788 2794 3835 some

619 3865 774 3965 'rajct
806 3877 1083 3964 qacched
1116 3878 1219 3953 iti,
1259 3878 1648 3955 «Quomodo
1681 3878 1789 3946 hic
1813 3877 2006 3945 Soma
2041 3876 2286 3946 rexssad·
2317 3898 2436 3945 nos
2482 3876 2734 3945 veniat?
2759 3901 2792 3939 »

623 4020 705 4033 —-
740 3982 937 4073 Soph.
963 3985 1133 4049 Phil.
1169 3984 1333 4051 550:
1368 3994 1497 4063 Πῶς
1525 3994 1589 4052 ἂν
1621 3990 1742 4069 ὑμὶν
1776 3992 2020 4071 ἐμφανὴς
2049 3989 2200 4071 ἔργῳ
2226 3990 2488 4071 γενοίμην
2513 4006 2530 4061 ;
2559 3983 2696 4050 Non
2721 4003 2797 4049 ea

618 4090 798 4158 enim
885 4097 1033 4159 vota
1084 4096 1198 4158 aut
1250 4091 1657 4181 precationes
1739 4091 2154 4180 interpretari
2210 4112 2566 4182 possumus
2589 4140 2604 4167 ,
2665 4088 2794 4157 nisi

623 4199 865 4266 omissa
907 4198 1435 4288 interrogatione,
1487 4200 1665 4289 quod
1707 4198 1947 4267 durum
1991 4204 2111 4267 est.
2144 4199 2651 4288 Interrogatione
2686 4220 2796 4267 au-

624 4310 759 4371 tem
808 4301 1097 4371 conditio
1126 4302 1455 4392 quaedam,
1506 4303 1686 4372 haud
1735 4303 2149 4393 exprimitur,
2196 4302 2515 4391 quaeritur
2533 4309 2790 4386 tamen,
