3234 5150
658 1119 665 1126 ’
699 1114 957 1167 PROPRIA
978 1113 1066 1165 m:
1098 1112 1471 1167 conmucnvl
1497 1113 1568 1166 m·
1601 1113 1867 1168 orrum
1900 1113 2140 1166 omnum
2173 1091 2489 1166 smmum
2522 1085 2889 1168 Pnorssnrun.

1629 1373 1943 1388 ——-

750 1677 755 1683 .
798 1612 868 1681 ln
906 1609 1362 1700 superioribus
1408 1608 1615 1678 libelli
1653 1609 1977 1699 partibus,
2027 1608 2329 1696 quamvis
2363 1607 2576 1675 critici
2623 1606 2893 1696 potissi-

712 1741 897 1787 mum
957 1717 1167 1785 vicem
1224 1716 1647 1806 expleverim,
1710 1714 2045 1806 propriam
2102 1721 2323 1783 tamen
2393 1713 2472 1782 de
2543 1713 2894 1805 propositis

712 1823 1187 1916 quaestionibus
1214 1823 1592 1913 opinionem
1638 1845 1771 1890 non
1797 1821 1982 1912 potui
2008 1823 2170 1912 quin
2199 1821 2524 1913 aperirem
2565 1822 2664 1891 vel
2695 1821 2893 1890 etiam

716 1931 1121 2022 argumentis
1151 1931 1510 2020 inciperem
1538 1931 1953 2000 confirmare.
1988 1932 2131 1998 Jam
2165 1928 2456 2020 optativi,
2497 1928 2672 1997 haud
2702 1949 2893 1997 secus

680 2046 913 2129 ¹atque
956 2037 1382 2126 conjunctivi,
1443 2038 1752 2115 formam,
1803 2044 2039 2128 praeter
2081 2036 2635 2111 terminationem,
2679 2043 2717 2104 e'
2750 2037 2896 2104 -the-

720 2151 895 2212 mate
938 2150 1204 2212 tantum
1250 2142 1571 2212 nominali
1607 2149 1908 2211 constare
1950 2162 2070 2233 pro
2103 2147 2436 2232 comperto
2461 2142 2726 2220 -hahe03
2773 2156 2893 2231 pro

718 2249 1061 2320 verisimili
1115 2253 1360 2326 autem,
1402 2269 1636 2318 sensus
1681 2248 1896 2318 modis
1949 2271 1985 2316 a
2023 2249 2236 2340 prima
2278 2249 2528 2338 origine
2563 2248 2895 2338 subjectos

718 2379 865 2426 esse
897 2357 1148 2447 plureS,
1189 2355 1325 2423 imo
1363 2355 1499 2424 fere
1525 2377 1754 2426 omnes
1783 2355 1897 2446 qui
1945 2355 2014 2424 in
2056 2356 2520 2425 vetustissimis
2548 2356 2894 2424 literarum

720 2461 1167 2533 monumentis
1219 2463 1679 2552 reperiuntur,
1736 2470 1802 2532 et
1856 2485 1968 2533 eos
2031 2464 2445 2554 conjunctivo
2498 2471 2564 2532 et
2609 2462 2896 2554 optativo

720 2571 925 2643 fuisse
952 2592 1362 2640 communes.
1394 2572 1571 2641 Hanc
1597 2571 1678 2641 de
1707 2593 1836 2641 usu
1866 2572 2283 2659 sententiam,
2317 2579 2394 2643 ut
2419 2572 2491 2641 in
2517 2572 2730 2663 capite
2751 2571 2824 2648 Π,
2851 2569 2900 2637 Β

720 2680 887 2748 nihil
919 2680 987 2746 in
1025 2700 1094 2747 se
1122 2677 1393 2746 absurdi
1430 2679 1672 2748 habere
1700 2679 2168 2757 demonstravi,
2215 2680 2306 2749 ita
2345 2702 2525 2749 nunc
2553 2702 2708 2750 cum
2748 2700 2900 2770 pro-

719 2786 1019 2855 nuntiato
1051 2785 1129 2854 de
1153 2787 1365 2853 forma
1390 2785 1644 2874 judicio
1674 2786 1918 2877 optime
1946 2808 2308 2877 congruere
2336 2787 2702 2857 ostendam.
2737 2787 2899 2853 Nam

722 2894 1044 2965 auxiliare·
1080 2893 1410 2984 quoddam
1461 2893 1738 2961 verbum
1780 2915 1979 2982 quem
2027 2894 2338 2985 primitus
2377 2894 2722 2965 certiorem
2756 2914 2902 2962 sen-

720 3025 872 3071 sum
920 3000 1287 3071 necessario
1336 2999 1835 3089 significavisset
1868 3023 2022 3070 cum
2065 3002 2278 3071 forma
2309 3003 2672 3094 composita
2720 3023 2900 3070 com-

722 3109 1184 3186 municavisse,
1224 3108 1290 3175 id
1337 3108 1604 3197 quidem
1655 3108 1934 3198 intelligi
1977 3110 2320 3199 potuisset.
2353 3111 2751 3180 Suffixarum
2787 3130 2904 3178 au·-

722 3225 853 3285 tem
894 3216 1333 3285 nominalium
1363 3216 1553 3305 longe
1580 3215 1709 3285 alia
1748 3216 1846 3285 vis
1879 3216 2028 3295 fuit,
2079 3218 2214 3285 imo
2249 3219 2432 3286 nulla
2467 3219 2538 3287 in
2577 3216 2902 3309 principio

722 3323 852 3391 nisi
881 3322 1249 3404 indicandi;
1274 3344 1421 3413 quae
1440 3322 1593 3391 dein
1615 3324 1962 3414 paulatim,
1989 3324 2188 3393 variis
2209 3326 2541 3394 coloribus
2566 3324 2898 3397 distincta,

724 3432 1098 3524 partitionis
1126 3432 1266 3522 lege
1298 3431 1381 3500 ad
1416 3431 1728 3500 certiores
1757 3454 1921 3502 usus
1959 3435 2451 3503 accommodata
2481 3440 2604 3504 est.
2634 3426 2905 3501 Thema-

724 3546 869 3607 tum
920 3539 1122 3629 igitur
1165 3538 1603 3607 nominalium
1652 3538 1723 3607 in
1752 3542 1951 3623 verbo
1997 3542 2177 3610 haud
2207 3563 2398 3611 secus
2433 3548 2630 3631 atque
2661 3540 2731 3607 in
2763 3540 2907 3630 ipso

721 3646 989 3715 nomine
1016 3669 1251 3715 sensus
1280 3667 1399 3737 per
1430 3646 1852 3736 partitionem
1879 3655 2140 3719 tantum
2171 3648 2476 3720 definitos
2508 3648 2736 3726 fuisse,
2771 3668 2906 3715 non

723 3775 758 3821 e
794 3752 1061 3822 definito
1090 3746 1279 3843 prius
1318 3774 1446 3822 usu
1489 3776 1607 3844 per
1635 3757 2303 3826 communicationem
2347 3756 2903 3847 significationum

730 3854 906 3929 ortos
969 3882 1143 3937 esse,
1198 3860 1375 3928 haud
1432 3882 1669 3951 parum
1724 3863 2081 3931 verisimile
2131 3863 2297 3931 mihi
2362 3862 2640 3931 videtur.
2694 3862 2904 3939 Quam

728 3966 1146 4058 partitionem
1175 3968 1315 4058 jam
1358 3967 1429 4035 in
1475 3968 1689 4058 capite
1713 3970 1787 4048 Π,
1837 3970 1883 4035 Β
1924 3970 2012 4038 ita
2041 3969 2341 4038 effectam
2369 3990 2510 4037 esse
2543 3968 2722 4048 finxi,
2765 3976 2840 4037 ut
2868 3990 2905 4037 e

729 4075 927 4143 variis
966 4078 1331 4143 thematum
1371 4074 1722 4165 generibus
1760 4076 2057 4165 quaedam
2103 4077 2187 4144 ad
2223 4099 2475 4145 meram
2524 4076 2905 4145 affirmatio-

730 4204 883 4251 nem
920 4182 1413 4274 exprimendam
1450 4181 1656 4250 electa
1702 4182 1856 4262 sint,
1907 4184 2142 4254 ceteris
2188 4184 2387 4253 ceteri
2427 4205 2658 4253 sensus
2693 4183 2904 4251 decla-

727 4286 917 4355 randi
960 4287 1171 4378 relicti
1214 4287 1482 4357 fuerint.
1534 4288 1756 4357 Restat
1787 4296 1878 4365 ,ut
1923 4290 2108 4363 illam
2155 4291 2479 4361 solvendae
2525 4288 2902 4381 quaestionis
