3234 5150
1315 451 1634 509 -119—

383 581 721 672 antiquam
773 591 843 648 ta
872 580 1333 649 terminatione
1376 579 1733 648 accusativi
1777 579 2168 648 instructam
2206 579 2562 648 exhiheret.

383 692 461 758 At
495 689 921 779 reperiuntur.
971 688 1170 758 etiam
1225 688 1454 756 formae
1504 686 1746 756 doricae
1795 686 1864 754 in
1929 716 2070 756 οντω
2124 693 2198 755 ut
2245 697 2571 776 παρεχόντω

390 799 622 888 (Curt.‚
670 799 804 864 Das
841 797 1139 876 Verbum,
1191 820 1255 887 p.
1300 797 1416 884 48)
1467 795 1712 883 quibus
1767 793 2106 884 aptissime
2174 793 2574 885 respondent

378 905 602 974 ‘latinae
640 905 872 973 formae
903 911 978 972 ut
1016 908 1276 994 lequnto
1318 902 1428 990 (cf.
1461 902 1760 971 vedicam
1791 902 1860 969 in
1888 911 2104 980 arctat,
2143 903 2492 991 hayantctt,
2536 925 2570 970 a

385 1011 651 1081 Benfeio
668 1011 861 1078 allata
872 1032 939 1078 m
964 1011 1198 1100 (Ueber
1214 1011 1430 1105 einiqe
1451 1010 2480 1096 Pluralbildunqen,-Abhandl.
2495 1061 2510 1076 .
2527 1061 2539 1078 .
2554 1061 2568 1077 .

389 1122 755 1209 Go'ttinqen,
791 1117 992 1196 1867,
1022 1142 1091 1209 p.
1141 1119 1281 1207 55).
1313 1119 1569 1186 Formae
1620 1138 1884 1206 quoque
1913 1117 1982 1184 in
2015 1145 2123 1188 των
2152 1119 2568 1192 exstiterunt.

388 1235 584 1305 ἔστων,
619 1231 749 1295 ἴτων
778 1226 998 1316 (ibid.,
1042 1248 1109 1316 p.
1142 1227 1284 1315 49),
1348 1225 1461 1294 sed
1499 1247 1590 1294 eae
1641 1225 1920 1315 pluralis
1945 1227 2210 1296 numeri
2263 1226 2568 1317 propriae.

387 1331 677 1422 Denique
703 1331 895 1420 tertia
922 1330 1202 1421 pluralis
1232 1351 1509 1420 persona
1551 1351 1630 1398 ex
1657 1329 1798 1421 ipsa
1829 1329 2183 1419 singularis
2224 1330 2440 1411 tertia,
2475 1331 2579 1398 ad·

390 1441 527 1518 dito
574 1446 647 1508 ut
704 1439 775 1506 in
823 1437 997 1518 aliis,
1040 1437 1143 1506 vel
1174 1437 1608 1528 temporibus,
1662 1439 1763 1506 vel
1819 1437 2059 1516 modis,
2100 1439 2424 1508 elemento
2451 1469 2575 1522 σαν,

390 1548 742 1618 informata
794 1553 917 1628 est,
969 1556 1305 1637 φερέτωσαν.
1350 1548 1441 1614 Ex
1494 1547 1597 1615 his
1662 1547 1972 1616 omnihus
2027 1548 2452 1617 manifestum
2509 1549 2582 1619 fit

392 1663 636 1748 quanta
671 1655 769 1724 vis
802 1655 1120 1744 analogiae
1157 1655 1359 1724 fuerit
1384 1654 1455 1723 in
1480 1654 1922 1725 informandis
1949 1655 2324 1746 imperativi
2354 1656 2578 1725 termi-

388 1763 793 1836 nationibus.
849 1764 935 1832 De
976 1763 1211 1830 formis
1242 1762 1471 1852 graecis
1511 1762 1722 1830 tertiae
1758 1783 2079 1852 personae‚
2111 1786 2319 1853 quum
2351 1763 2578 1854 singu-

392 1872 575 1953 lariS,
614 1879 759 1940 tum
792 1870 1071 1962 pluralis
1106 1870 1395 1948 numeri,
1438 1869 1507 1937 in
1550 1870 1770 1937 medio
1801 1892 2065 1960 genere,
2099 1893 2247 1961 quae
2285 1893 2321 1938 a
2351 1870 2582 1940 formis

308 2012 321 2020 ·
396 1979 589 2048 activi
623 1986 885 2048 tantum
927 1977 1115 2046 litera
1160 2007 1192 2046 σ
1218 1978 1565 2062 differunt,
1604 1999 1734 2066 qua
1779 1984 2047 2067 cogente
2072 2009 2103 2046 τ
2146 1978 2214 2045 in
2250 1987 2280 2046 θ
2305 2031 2310 2036 .
2333 1985 2579 2046 mutata

394 2092 518 2164 est,
552 2085 727 2152 idem
760 2091 860 2154 est
888 2084 1544 2154 animadvertendum
1573 2083 1688 2172 (cf.
1713 2086 1999 2174 ibid.‚.p.
2027 2085 2135 2164 48,
2173 2086 2310 2173 51).

482 2194 567 2262 De
625 2192 837 2261 forma
886 2213 1181 2281 personae
1232 2215 1367 2260 sec.
1422 2193 1591 2282 sing.
1668 2199 1794 2263 act.
1859 2191 2240 2260 sanseritice
2301 2191 2368 2258 in
2415 2192 2581 2269 -dhi‚

395 2321 602 2391 graece
649 2298 720 2376 in
772 2307 855 2366 -θι
898 2297 1235 2394 desinente
1296 2297 1593 2366 nondum
1640 2295 1803 2365 dixi.
1856 2297 2056 2388 Cujus
2091 2320 2246 2367 cum
2298 2299 2586 2365 themate

396 2405 876 2486 infinitivorum
945 2404 1331 2474 sanseritice
1394 2407 1465 2472 in
1493 2407 1728 2494 -dhy’ai
1770 2404 2213 2473 desinentium
2261 2405 2430 2472 mira
2489 2409 2588 2470 est

398 2510 765 2581 similitudo
795 2514 840 2579 ¹.
884 2511 1017 2579 Hoc
1050 2514 1271 2579 tamen
1301 2510 1473 2579 inter
1514 2510 1886 2600 imperativi
1933 2510 2214 2579 formam
2264 2517 2330 2579 et
2373 2506 2587 2578 infini-

397 2620 512 2689 tivi
543 2621 762 2688 thema
788 2616 1145 2689 discrimen
1176 2617 1471 2696 interest,
1509 2618 1685 2707 quod
1730 2618 2130 2687 elementum
2167 2620 2283 2685 dhi
2316 2617 2588 2687 themati

399 2726 715 2818 primario
754 2724 1043 2803 additur,
1068 2724 1136 2791 in
1170 2724 1585 2813 hocquidem
1609 2746 1894 2827 semper,
1925 2725 1994 2793 in
2022 2724 2136 2794 illa
2164 2731 2384 2793 autem
2420 2745 2588 2792 nun-

399 2856 600 2924 quam
640 2834 710 2901 in
744 2833 1035 2901 vocalem
1070 2854 1113 2897 a
1155 2832 1419 2899 brevem
1470 2832 1757 2901 exeunti.
1793 2833 1880 2901 Ea
1918 2831 2084 2899 forte
2126 2831 2394 2921 antiqua
2435 2828 2585 2922 par-

398 2943 542 3011 titio
565 2940 767 3010 fuerit
795 2941 1163 3008 formarum
1190 2961 1319 3027 qua
1343 2939 1426 3006 ad
1447 2940 1662 3007 varios
1692 2961 1855 3007 usus
1881 2937 2394 3019 accommodatae
2425 2939 2582 3006 sint.

398 3052 491 3118 Ab
522 3048 830 3121 infinitivi
858 3048 1066 3116 forma
1103 3047 1355 3135 integra
1385 3046 1495 3115 cui
1537 3046 1914 3115 terminatio
1948 3046 2145 3115 dativi
2177 3045 2248 3113 in
2283 3050 2355 3113 ai
2389 3046 2584 3127 inest,

401 3142 774 3248 imperativi
838 3155 1049 3223 forma
1104 3176 1181 3222 eo
1236 3154 1509 3244 insuper
1555 3153 1778 3222 differt
1838 3154 2014 3243 quod
2071 3154 2357 3223 themate
2409 3154 2588 3223 nudo

404 3271 683 3335 constat.

487 3358 664 3438 Nihil
716 3369 915 3439 etiam
963 3368 1093 3437 nisi
1137 3371 1429 3437 themata
1478 3369 1660 3437 nuda
1707 3390 1848 3437 esse
1888 3368 2211 3437 secundas
2248 3368 2417 3455 sing‘.
2454 3375 2582 3438 act.

403 3477 773 3570 imperativi
810 3477 1057 3546 formas
1101 3476 1171 3544 in
1201 3477 1415 3567 prima
1452 3476 1910 3568 conjugatione
1958 3498 2073 3567 per
2100 3476 2393 3544 vocalem
2427 3477 2593 3544 anti·

402 3610 603 3679 quam
632 3610 677 3655 a
705 3586 1099 3665 desinenteS,
1128 3587 1389 3665 b6dha·,
1420 3592 1564 3665 λύε-,
1597 3588 1777 3676 ἰερε-,
1807 3585 1948 3675 ipse
1971 3583 2403 3668 Delhruckius
2438 3603 2591 3650 con-

396 3694 545 3786 J'icit
573 3694 715 3783 (loc.
750 3694 890 3771 cit„
941 3714 1007 3782 p.
1040 3692 1181 3781 55).
1219 3694 1364 3760 Haec
1392 3697 1613 3760 autem
1657 3712 1790 3758 non
1832 3689 2098 3779 propria
2126 3696 2280 3758 sunt
2309 3675 2592 3779 impera·-

402 3802 547 3887 tivi,
572 3799 684 3868 sed
698 3797 798 3865 illi
812 3805 877 3867 et
896 3798 1204 3889 praesenti
1217 3797 1551 3866 indicativi
1574 3789 1952 3864 communia
1971 3795 2287 3873 themata,
2304 3816 2588 3884 quorum

404 3915 713 3977 naturam
743 3909 811 3976 in
843 3907 1207 3999 posteriore
1228 3910 1491 3974 tantum
1513 3903 1750 3994 capitis
1776 3910 1960 3991 parte
1994 3902 2448 3993 dispiciemuS.

490 4014 581 4083 Ex
602 4016 728 4085 hac
746 4014 1172 4104 digressione,
1196 4012 1265 4092 ni
1284 4012 1501 4096 fallor,
1525 4009 1831 4100 apparuit
1847 4008 2184 4077 nonnullis
2206 4002 2378 4077 certe
2396 4009 2596 4100 impe-

468 4236 515 4285 1.
549 4236 703 4285 Eam
682 4251 789 4299 Jam
816 4233 1101 4296 Ludwigius
1128 4234 1247 4299 (Der
1280 4230 1503 4297 Infinitt'v
1546 4231 1615 4279 im
1657 4228 1806 4286 Veda,
1835 4244 1882 4292 p.
1920 4228 2030 4293 155)
2068 4236 2340 4289 notaverat,
2377 4232 2465 4295 qui
2490 4248 2596 4285 non

410 4306 690 4371 imperativi
714 4313 925 4363 tantum,
940 4304 1025 4356 sed
1054 4303 1298 4360 omnium,
1332 4302 1406 4352 vel
1442 4309 1741 4363 temporum,
1773 4301 1849 4350 vel
1880 4299 2160 4358 modorum,
2191 4303 2374 4353 formas
2395 4303 2457 4353 ad
2478 4304 2590 4353 infi-

413 4379 595 4427 nitivos
627 4380 761 4429 resel
761 4380 911 4429 endas
940 4383 1137 4434 censet;
1171 4376 1305 4439 quod
1332 4376 1479 4436 longe
1504 4374 1629 4423 mihi
1661 4389 1689 4423 a
1716 4372 1970 4437 proposito
2001 4373 2154 4422 abest.
