3234 5150
1591 340 1836 392 ...2-

623 462 788 529 mihi
820 463 1100 543 videtur,
1131 463 1513 553 quaestionis
1541 464 1953 543 enodatione,
1972 471 2355 555 argumenta
2378 466 2646 534 haurire
2676 463 2796 532 du-

619 577 838 646 bitabo
860 601 1004 668 quae
1024 579 1093 647 in
1114 579 1657 649 obscurissimam
1676 587 1739 649 et
1760 580 2359 672 implicatissimam
2380 581 2461 650 de
2484 581 2794 670 conjunc·

617 695 750 765 tivo
775 702 840 764 et
858 696 1144 786 optativo
1169 697 1600 787 quaestionem
1632 697 1990 767 conferam.

708 815 852 884 Haec
881 821 1128 898 autem,
1153 838 1353 906 quarn
1374 815 1775 906 praecipuam
1798 815 2001 905 hujus
2038 815 2245 885 libelli
2275 815 2617 885 materiam
2651 837 2793 885 esse

617 930 948 1021 profiteor,
969 931 1025 1000 si
1063 931 1313 1022 integra
1343 933 1600 1014 fuisset,
1629 934 1905 1003 fortasse
1924 954 2057 1002 non
2087 933 2345 1024 primus
2368 934 2630 1025 aggredi
2650 957 2792 1003 sus-

616 1047 966 1118 tinuissem
1004 1076 1037 1115 «
1077 1050 1464 1140 periculosae
1511 1052 1784 1142 plenum
1815 1074 1980 1142 opus
2019 1051 2175 1120 aleae
2200 1077 2259 1118 ».
2291 1051 2413 1121 Sed
2443 1060 2791 1142 postquam

615 1165 966 1256 scriptores
987 1168 1291 1236 nonnulli
1328 1167 1407 1236 de
1438 1168 1787 1238 modorum
1804 1168 2205 1258 conjunctivi
2222 1175 2285 1238 et
2305 1169 2572 1260 optativi
2588 1170 2791 1239 infor-

615 1283 901 1352 matione
956 1291 1020 1352 et
1069 1284 1131 1352 vi
1172 1284 1634 1385 antiquissima
1674 1287 1813 1374 jam
1860 1284 2160 1376 quaedam
2206 1286 2652 1376 conjecerunt,
2690 1287 2789 1354 vel

612 1399 811 1470 etiam
827 1424 905 1471 ex
918 1401 1034 1470 illo
1056 1402 1294 1492 primo,
1315 1425 1511 1494 quem
1523 1402 1877 1483 finxerunt,
1898 1425 2050 1482 usu,
2071 1379 2463 1493 posteriores
2486 1424 2737 1482 omneS‚
2754 1424 2789 1470 e

611 1517 953 1588 literarum
972 1520 1420 1588 monumentis
1435 1497 1651 1600 notos,
1668 1518 1963 1588 derivare
1983 1518 2199 1588 conati
2225 1526 2405 1599 sunt,
2425 1518 2791 1588 cavendum

611 1655 752 1703 esse
772 1635 1023 1716 censui,
1056 1658 1138 1704 ne
1166 1637 1461 1706 virorum
1494 1637 1840 1704 doctorum
1871 1635 2258 1704 auctoritate
2285 1635 2509 1714 dubia,
2527 1641 2602 1702 ut
2618 1635 2791 1703 arbi-

613 1758 775 1831 tror,
792 1752 1090 1821 doctrina
1112 1753 1300 1844 prius
1323 1753 1633 1822 omnibus
1660 1751 2138 1842 approbaretur
2166 1759 2231 1819 et
2256 1750 2327 1818 in
2364 1751 2792 1840 grammatica

612 1868 1052 1958 comparativa
1074 1869 1262 1959 quasi
1283 1869 1537 1937 radices
1558 1874 1801 1958 ageret,
1822 1890 2021 1958 quam
2042 1867 2240 1936 variis
2262 1868 2477 1938 modis
2493 1875 2788 1959 pensata,

611 1987 968 2077 explorata,
1002 1987 1218 2079 etipsa
1237 1987 1681 2057 controversia
1716 1985 1795 2076 (si
1829 2007 2131 2055 censores
2161 1985 2445 2076 denique
2476 2008 2675 2054 causa
2695 2008 2795 2055 ce-

611 2104 914 2194 ciderint)
948 2105 1332 2174 confirmata
1367 2113 1560 2175 esset.
1603 2103 2144 2173 Adversariorum
2179 2110 2398 2170 autem
2435 2103 2791 2172 sententias

610 2212 1086 2293 concertatorio
1125 2235 1360 2301 genere
1387 2219 1817 2303 persecuturo
1847 2210 2011 2277 mihi
2046 2233 2177 2278 non
2204 2210 2438 2280 inutile
2452 2211 2669 2280 visum
2690 2219 2789 2280 est

610 2330 946 2420 propriam
967 2329 1183 2420 ipsius
1209 2329 1847 2408 sententiam-edere,
1886 2331 1956 2394 ut
1989 2326 2043 2393 si
2075 2326 2235 2416 quid
2264 2326 2334 2394 in
2352 2350 2427 2397 ea
2453 2328 2789 2418 probabile

607 2447 825 2516 visum
869 2446 1101 2527 suerit,
1141 2448 1264 2516 hac
1322 2447 1573 2517 ratione
1611 2443 2015 2538 propositam
2063 2444 2527 2514 refutationem
2574 2446 2789 2515 ahsol-

607 2588 849 2636 verem.

693 2684 875 2751 Hunc
913 2680 1180 2771 quidem
1213 2681 1592 2773 disputandi
1625 2682 1922 2751 ordinem
1948 2681 2222 2753 instituo
2248 2689 2346 2759 ut,
2383 2681 2786 2750 enumeratis

606 2798 1009 2888 conjunctivi
1050 2806 1114 2867 et
1154 2799 1421 2889 optativi
1453 2799 1709 2878 formis,
1772 2806 2122 2889 antequam
2174 2799 2256 2868 ad
2291 2798 2543 2889 priores
2582 2776 2795 2889 expli-²

603 2917 890 2985 cationes
934 2914 1349 3005 rejiciendaS‚
1403 2922 1468 2984 et
1504 2916 1584 2983 ad
1619 2938 1855 2984 novam
1895 2918 2277 2985 tentandam
2314 2922 2669 2995 transeam,
2706 2917 2785 2985 de

604 3032 1077 3123 quaestionibus
1125 3032 1286 3122 ipsis
1343 3032 1784 3122 proponendis
1832 3040 1897 3101 et
1937 3034 2016 3102 de
2054 3032 2330 3101 diversis
2376 3032 2499 3101 viis
2544 3032 2784 3122 quibus

604 3150 934 3219 enucleari
980 3149 1235 3240 possint
1271 3149 1486 3217 fusius
1518 3148 1865 3219 disseram.
1903 3150 2103 3243 Spero
2142 3150 2319 3220 enim
2362 3146 2499 3219 fore
2538 3156 2612 3217 ut
2650 3150 2782 3219 sin-

603 3267 756 3357 gula
805 3267 1015 3335 multo
1070 3265 1335 3334 facilius
1403 3266 1860 3355 intelligantur
1910 3276 2269 3361 postquam
2331 3268 2411 3337 de
2456 3267 2779 3337 universis

603 3384 850 3453 dictum
891 3382 1152 3450 fuerit&

658 3604 706 3653 1.
739 3604 808 3653 De
829 3603 972 3654 modo
999 3602 1312 3667 subjunctivo
1335 3602 1571 3654 Facultati
1597 3604 1862 3655 literarum
1888 3605 2157 3669 parisiensi
2182 3608 2241 3657 ab
2266 3608 2405 3658 Arth.
2432 3609 2635 3660 Loiseau
2663 3624 2779 3673 pro-

594 3674 755 3737 posita
778 3672 933 3723 thesis
961 3674 1042 3723 vix
1075 3674 1127 3724 in
1157 3675 1327 3725 eadem
1355 3675 1562 3724 materia
1590 3681 1741 3737 atque
1768 3675 1848 3725 hic
1876 3675 2077 3726 libellus
2100 3683 2344 3728 versatur.
2374 3676 2621 3733 Medorum
2645 3679 2778 3729 enim

595 3746 649 3793 in
678 3746 941 3794 literarum
979 3746 1316 3796 monumentis
1343 3760 1518 3797 sensus
1538 3745 1666 3795 mihi
1694 3760 1794 3797 nou
1824 3753 1975 3797 erunt
1994 3747 2289 3813 attingendi,
2311 3747 2408 3798 nisi
2439 3756 2590 3811 prout
2616 3750 2780 3800 critici

592 3824 762 3880 partes
789 3832 816 3867 a
843 3831 923 3866 lue
952 3825 1196 3881 susceptae
1225 3819 1564 3882 postulabunt.

1527 4065 1723 4089 λμέ-’τ--π
1736 4069 1849 4092 ana-q-
