<?xml version="1.0" encoding="UTF-8"?>
<!DOCTYPE html PUBLIC "-//W3C//DTD XHTML 1.0 Transitional//EN"
    "http://www.w3.org/TR/xhtml1/DTD/xhtml1-transitional.dtd">
<html xmlns="http://www.w3.org/1999/xhtml" xml:lang="en" lang="en">
 <head>
  <title>
</title>
<meta http-equiv="Content-Type" content="text/html;charset=utf-8" />
  <meta name='ocr-system' content='tesseract 3.04.00' />
  <meta name='ocr-capabilities' content='ocr_page ocr_carea ocr_par ocr_line ocrx_word'/>
</head>
<body>
  <div class='ocr_page' id='page_1' title='image "./deconjunctiviet00berggoog_0027.png"; bbox 0 0 3234 5150; ppageno 0'>
   <div class='ocr_carea' id='block_1_1' title="bbox 1329 451 1607 505">
    <p class='ocr_par' dir='ltr' id='par_1_1' title="bbox 1329 451 1607 505">
     <span class='ocr_line' id='line_1_1' title="bbox 1329 451 1607 505; baseline 0 -14"><span class='ocrx_word' id='word_1_1' title='bbox 1329 451 1607 505; x_wconf 71' lang='grc'>-11-</span> 
     </span>
    </p>
   </div>
   <div class='ocr_carea' id='block_1_2' title="bbox 289 575 2576 4419">
    <p class='ocr_par' dir='ltr' id='par_1_2' title="bbox 381 575 2557 862">
     <span class='ocr_line' id='line_1_2' title="bbox 384 575 2557 666; baseline 0 -22"><span class='ocrx_word' id='word_1_2' title='bbox 384 576 522 665; x_wconf 86' lang='lat' dir='ltr'>tia).</span> <span class='ocrx_word' id='word_1_3' title='bbox 561 577 780 646; x_wconf 82' lang='lat' dir='ltr'><strong>Priore</strong></span> <span class='ocrx_word' id='word_1_4' title='bbox 809 576 986 643; x_wconf 88' lang='lat' dir='ltr'>enim</span> <span class='ocrx_word' id='word_1_5' title='bbox 1021 599 1077 655; x_wconf 87' lang='lat' dir='ltr'>e,</span> <span class='ocrx_word' id='word_1_6' title='bbox 1111 578 1162 654; x_wconf 84' lang='lat' dir='ltr'>i,</span> <span class='ocrx_word' id='word_1_7' title='bbox 1191 577 1303 663; x_wconf 86' lang='lat' dir='ltr'>jus</span> <span class='ocrx_word' id='word_1_8' title='bbox 1329 597 1526 643; x_wconf 91' lang='lat' dir='ltr'>suum</span> <span class='ocrx_word' id='word_1_9' title='bbox 1563 581 1884 655; x_wconf 82' lang='lat' dir='ltr'>servante,</span> <span class='ocrx_word' id='word_1_10' title='bbox 1920 575 2265 666; x_wconf 79' lang='lat' dir='ltr'>posterior,</span> <span class='ocrx_word' id='word_1_11' title='bbox 2300 583 2415 666; x_wconf 86' lang='lat' dir='ltr'>aut</span> <span class='ocrx_word' id='word_1_12' title='bbox 2452 599 2557 666; x_wconf 92' lang='lat' dir='ltr'>po·</span> 
     </span>
     <span class='ocr_line' id='line_1_3' title="bbox 381 667 2557 778; baseline -0 -26"><span class='ocrx_word' id='word_1_13' title='bbox 381 684 512 752; x_wconf 89' lang='lat' dir='ltr'>tius</span> <span class='ocrx_word' id='word_1_14' title='bbox 543 667 660 753; x_wconf 85' lang='lat' dir='ltr'>illa</span> <span class='ocrx_word' id='word_1_15' title='bbox 690 707 734 751; x_wconf 86' lang='grc' dir='ltr'><em>α</em></span> <span class='ocrx_word' id='word_1_16' title='bbox 766 682 1008 778; x_wconf 85' lang='lat' dir='ltr'>vocalis</span> <span class='ocrx_word' id='word_1_17' title='bbox 1050 705 1086 751; x_wconf 88' lang='lat' dir='ltr'>a</span> <span class='ocrx_word' id='word_1_18' title='bbox 1115 704 1242 770; x_wconf 88' lang='lat' dir='ltr'>qua</span> <span class='ocrx_word' id='word_1_19' title='bbox 1277 688 1526 751; x_wconf 87' lang='lat' dir='ltr'>mutata</span> <span class='ocrx_word' id='word_1_20' title='bbox 1563 689 1685 760; x_wconf 91' lang='lat' dir='ltr'>est,</span> <span class='ocrx_word' id='word_1_21' title='bbox 1725 705 1877 750; x_wconf 91' lang='lat' dir='ltr'>cum</span> <span class='ocrx_word' id='word_1_22' title='bbox 1908 683 2307 771; x_wconf 87' lang='lat' dir='ltr'>conjunctivi</span> <span class='ocrx_word' id='word_1_23' title='bbox 2347 684 2557 752; x_wconf 86' lang='lat' dir='ltr'>vocali</span> 
     </span>
     <span class='ocr_line' id='line_1_4' title="bbox 381 792 2207 874; baseline -0.001 -14"><span class='ocrx_word' id='word_1_24' title='bbox 381 816 420 860; x_wconf 83' lang='lat' dir='ltr'>a</span> <span class='ocrx_word' id='word_1_25' title='bbox 454 792 635 874; x_wconf 89' lang='lat' dir='ltr'>coiit,</span> <span class='ocrx_word' id='word_1_26' title='bbox 663 792 837 860; x_wconf 90' lang='lat' dir='ltr'>unde</span> <span class='ocrx_word' id='word_1_27' title='bbox 864 792 1110 859; x_wconf 83' lang='lat' dir='ltr'>formae</span> <span class='ocrx_word' id='word_1_28' title='bbox 1123 803 1402 858; x_wconf 70' lang='lat' dir='ltr'>mon-eci-</span> <span class='ocrx_word' id='word_1_29' title='bbox 1405 814 1460 870; x_wconf 78' lang='grc' dir='ltr'>ε,</span> <span class='ocrx_word' id='word_1_30' title='bbox 1488 792 1676 857; x_wconf 83' lang='lat' dir='ltr'>aud·</span> <span class='ocrx_word' id='word_1_31' title='bbox 1623 804 1742 857; x_wconf 71' lang='grc' dir='ltr'><strong><em>-ιᾶ-</em></strong></span> <span class='ocrx_word' id='word_1_32' title='bbox 1744 814 1801 870; x_wconf 81' lang='lat'>8,</span> <span class='ocrx_word' id='word_1_33' title='bbox 1842 797 2000 858; x_wconf 85' lang='lat' dir='ltr'>ortae</span> <span class='ocrx_word' id='word_1_34' title='bbox 2030 797 2207 859; x_wconf 86' lang='lat' dir='ltr'>sunt.</span> 
     </span>
    </p>

    <p class='ocr_par' dir='ltr' id='par_1_3' title="bbox 367 897 2568 2490">
     <span class='ocr_line' id='line_1_5' title="bbox 466 897 2558 986; baseline -0.001 -18"><span class='ocrx_word' id='word_1_35' title='bbox 466 900 687 968; x_wconf 81' lang='lat' dir='ltr'>Restat</span> <span class='ocrx_word' id='word_1_36' title='bbox 724 905 795 966; x_wconf 90' lang='lat' dir='ltr'>ut</span> <span class='ocrx_word' id='word_1_37' title='bbox 845 898 924 966; x_wconf 87' lang='lat' dir='ltr'>de</span> <span class='ocrx_word' id='word_1_38' title='bbox 956 898 1039 966; x_wconf 81' lang='lat' dir='ltr'>iis</span> <span class='ocrx_word' id='word_1_39' title='bbox 1070 898 1278 966; x_wconf 85' lang='lat' dir='ltr'>tertiae</span> <span class='ocrx_word' id='word_1_40' title='bbox 1321 897 1802 986; x_wconf 83' lang='lat' dir='ltr'>conjugationis</span> <span class='ocrx_word' id='word_1_41' title='bbox 1830 897 2044 964; x_wconf 83' lang='lat' dir='ltr'>verbis</span> <span class='ocrx_word' id='word_1_42' title='bbox 2083 897 2381 965; x_wconf 89' lang='lat' dir='ltr'>dicamus</span> <span class='ocrx_word' id='word_1_43' title='bbox 2412 919 2558 985; x_wconf 81' lang='lat' dir='ltr'>quae</span> 
     </span>
     <span class='ocr_line' id='line_1_6' title="bbox 381 1003 2562 1095; baseline 0 -24"><span class='ocrx_word' id='word_1_44' title='bbox 381 1004 449 1071; x_wconf 90' lang='lat' dir='ltr'>in</span> <span class='ocrx_word' id='word_1_45' title='bbox 494 1004 909 1095; x_wconf 86' lang='lat' dir='ltr'>conjunctivo</span> <span class='ocrx_word' id='word_1_46' title='bbox 958 1003 1234 1072; x_wconf 91' lang='lat' dir='ltr'>minime</span> <span class='ocrx_word' id='word_1_47' title='bbox 1285 1026 1321 1071; x_wconf 90' lang='lat' dir='ltr'>a</span> <span class='ocrx_word' id='word_1_48' title='bbox 1369 1009 1602 1093; x_wconf 86' lang='lat' dir='ltr'>quarta</span> <span class='ocrx_word' id='word_1_49' title='bbox 1654 1004 2111 1093; x_wconf 82' lang='lat' dir='ltr'>conjugatione</span> <span class='ocrx_word' id='word_1_50' title='bbox 2154 1004 2420 1072; x_wconf 83' lang='lat' dir='ltr'>differre</span> <span class='ocrx_word' id='word_1_51' title='bbox 2474 1003 2562 1071; x_wconf 86' lang='lat' dir='ltr'>vi-</span> 
     </span>
     <span class='ocr_line' id='line_1_7' title="bbox 381 1108 2561 1203; baseline 0 -24"><span class='ocrx_word' id='word_1_52' title='bbox 381 1113 620 1181; x_wconf 90' lang='lat' dir='ltr'>dentur</span> <span class='ocrx_word' id='word_1_53' title='bbox 645 1113 968 1203; x_wconf 73' lang='lat' dir='ltr'>(capi-a-s,</span> <span class='ocrx_word' id='word_1_54' title='bbox 1010 1112 1452 1200; x_wconf 73' lang='lat' dir='ltr'>capi-ct-mus),</span> <span class='ocrx_word' id='word_1_55' title='bbox 1487 1111 1556 1178; x_wconf 92' lang='lat' dir='ltr'>in</span> <span class='ocrx_word' id='word_1_56' title='bbox 1602 1111 1957 1180; x_wconf 87' lang='lat' dir='ltr'>indicativo</span> <span class='ocrx_word' id='word_1_57' title='bbox 1992 1119 2212 1181; x_wconf 84' lang='lat' dir='ltr'>autem</span> <span class='ocrx_word' id='word_1_58' title='bbox 2242 1108 2465 1182; x_wconf 87' lang='lat' dir='ltr'>thema</span> <span class='ocrx_word' id='word_1_59' title='bbox 2491 1113 2561 1180; x_wconf 92' lang='lat' dir='ltr'>in</span> 
     </span>
     <span class='ocr_line' id='line_1_8' title="bbox 379 1218 2560 1310; baseline -0.001 -23"><span class='ocrx_word' id='word_1_60' title='bbox 379 1218 670 1288; x_wconf 84' lang='lat' dir='ltr'>vocalem</span> <span class='ocrx_word' id='word_1_61' title='bbox 730 1220 758 1286; x_wconf 84' lang='lat' dir='ltr'>i</span> <span class='ocrx_word' id='word_1_62' title='bbox 824 1221 1077 1286; x_wconf 85' lang='lat' dir='ltr'>brevem</span> <span class='ocrx_word' id='word_1_63' title='bbox 1125 1219 1430 1288; x_wconf 91' lang='lat' dir='ltr'>desinens</span> <span class='ocrx_word' id='word_1_64' title='bbox 1487 1218 1797 1287; x_wconf 81' lang='lat' dir='ltr'>exhibent</span> <span class='ocrx_word' id='word_1_65' title='bbox 1858 1221 2051 1307; x_wconf 84' lang='lat' dir='ltr'>(capi-</span> <span class='ocrx_word' id='word_1_66' title='bbox 2028 1243 2109 1300; x_wconf 83' lang='lat' dir='ltr'>-s,</span> <span class='ocrx_word' id='word_1_67' title='bbox 2170 1223 2321 1310; x_wconf 84' lang='lat' dir='ltr'>capi</span> <span class='ocrx_word' id='word_1_68' title='bbox 2322 1221 2560 1308; x_wconf 75' lang='lat' dir='ltr'>-3mus)</span> 
     </span>
     <span class='ocr_line' id='line_1_9' title="bbox 381 1324 2563 1428; baseline -0.001 -34"><span class='ocrx_word' id='word_1_69' title='bbox 381 1325 555 1395; x_wconf 88' lang='lat' dir='ltr'>unde</span> <span class='ocrx_word' id='word_1_70' title='bbox 605 1326 980 1428; x_wconf 79' lang='lat' dir='ltr'>existimare</span> <span class='ocrx_word' id='word_1_71' title='bbox 1024 1325 1238 1417; x_wconf 88' lang='lat' dir='ltr'>possis</span> <span class='ocrx_word' id='word_1_72' title='bbox 1295 1324 1403 1394; x_wconf 85' lang='lat' dir='ltr'>hie</span> <span class='ocrx_word' id='word_1_73' title='bbox 1449 1324 1946 1414; x_wconf 85' lang='lat' dir='ltr'>conjunctivum</span> <span class='ocrx_word' id='word_1_74' title='bbox 2008 1325 2361 1395; x_wconf 78' lang='lat' dir='ltr'>indicativo</span> <span class='ocrx_word' id='word_1_75' title='bbox 2428 1348 2563 1394; x_wconf 87' lang='lat' dir='ltr'>am-</span> 
     </span>
     <span class='ocr_line' id='line_1_10' title="bbox 380 1433 2562 1524; baseline 0.001 -24"><span class='ocrx_word' id='word_1_76' title='bbox 380 1433 660 1524; x_wconf 85' lang='lat' dir='ltr'>pliorem</span> <span class='ocrx_word' id='word_1_77' title='bbox 689 1455 832 1504; x_wconf 92' lang='lat' dir='ltr'>esse</span> <span class='ocrx_word' id='word_1_78' title='bbox 853 1456 985 1502; x_wconf 91' lang='lat' dir='ltr'>non</span> <span class='ocrx_word' id='word_1_79' title='bbox 1003 1433 1186 1502; x_wconf 89' lang='lat' dir='ltr'>brevi</span> <span class='ocrx_word' id='word_1_80' title='bbox 1220 1440 1505 1513; x_wconf 83' lang='lat' dir='ltr'>tantum,</span> <span class='ocrx_word' id='word_1_81' title='bbox 1541 1434 1659 1502; x_wconf 88' lang='lat' dir='ltr'>sed</span> <span class='ocrx_word' id='word_1_82' title='bbox 1690 1434 1945 1524; x_wconf 80' lang='lat' dir='ltr'>integra</span> <span class='ocrx_word' id='word_1_83' title='bbox 1974 1449 2016 1502; x_wconf 84' lang='grc' dir='ltr'>ᾱ</span> <span class='ocrx_word' id='word_1_84' title='bbox 2041 1438 2261 1524; x_wconf 71' lang='lat' dir='ltr'>lonqa.</span> <span class='ocrx_word' id='word_1_85' title='bbox 2285 1435 2415 1502; x_wconf 91' lang='lat' dir='ltr'>Hoc</span> <span class='ocrx_word' id='word_1_86' title='bbox 2453 1456 2562 1503; x_wconf 90' lang='lat' dir='ltr'>au-</span> 
     </span>
     <span class='ocr_line' id='line_1_11' title="bbox 380 1540 2563 1632; baseline 0 -23"><span class='ocrx_word' id='word_1_87' title='bbox 380 1547 513 1609; x_wconf 88' lang='lat' dir='ltr'>tem</span> <span class='ocrx_word' id='word_1_88' title='bbox 539 1541 754 1632; x_wconf 89' lang='lat' dir='ltr'>specie</span> <span class='ocrx_word' id='word_1_89' title='bbox 782 1545 1042 1609; x_wconf 88' lang='lat' dir='ltr'>tantum</span> <span class='ocrx_word' id='word_1_90' title='bbox 1075 1540 1175 1620; x_wconf 82' lang='lat' dir='ltr'>fit,</span> <span class='ocrx_word' id='word_1_91' title='bbox 1199 1563 1332 1609; x_wconf 91' lang='lat' dir='ltr'>non</span> <span class='ocrx_word' id='word_1_92' title='bbox 1365 1562 1460 1608; x_wconf 89' lang='lat' dir='ltr'>re.</span> <span class='ocrx_word' id='word_1_93' title='bbox 1495 1541 1836 1610; x_wconf 83' lang='lat' dir='ltr'>Indicativi</span> <span class='ocrx_word' id='word_1_94' title='bbox 1864 1543 2042 1612; x_wconf 92' lang='lat' dir='ltr'>enim</span> <span class='ocrx_word' id='word_1_95' title='bbox 2077 1543 2373 1611; x_wconf 85' lang='lat' dir='ltr'>vocalis</span> <span class='ocrx_word' id='word_1_96' title='bbox 2346 1567 2396 1622; x_wconf 79' lang='lat'>2,</span> <span class='ocrx_word' id='word_1_97' title='bbox 2430 1562 2563 1610; x_wconf 91' lang='lat' dir='ltr'>non</span> 
     </span>
     <span class='ocr_line' id='line_1_12' title="bbox 381 1647 2563 1740; baseline 0 -23"><span class='ocrx_word' id='word_1_98' title='bbox 381 1671 418 1717; x_wconf 90' lang='lat' dir='ltr'>a</span> <span class='ocrx_word' id='word_1_99' title='bbox 455 1647 776 1739; x_wconf 85' lang='lat' dir='ltr'>disyllabo</span> <span class='ocrx_word' id='word_1_100' title='bbox 816 1648 1083 1736; x_wconf 87' lang='lat' dir='ltr'>quidem</span> <span class='ocrx_word' id='word_1_101' title='bbox 1111 1647 1432 1717; x_wconf 88' lang='lat' dir='ltr'>elemento</span> <span class='ocrx_word' id='word_1_102' title='bbox 1461 1671 1553 1728; x_wconf 84' lang='lat' dir='ltr'>ee,</span> <span class='ocrx_word' id='word_1_103' title='bbox 1584 1651 1663 1728; x_wconf 80' lang='lat' dir='ltr'>ii,</span> <span class='ocrx_word' id='word_1_104' title='bbox 1693 1655 1805 1717; x_wconf 90' lang='lat' dir='ltr'>aut</span> <span class='ocrx_word' id='word_1_105' title='bbox 1824 1651 1943 1738; x_wconf 86' lang='lat' dir='ltr'>eje,</span> <span class='ocrx_word' id='word_1_106' title='bbox 1968 1652 2071 1738; x_wconf 81' lang='lat' dir='ltr'>iji,</span> <span class='ocrx_word' id='word_1_107' title='bbox 2104 1648 2218 1718; x_wconf 90' lang='lat' dir='ltr'>sed</span> <span class='ocrx_word' id='word_1_108' title='bbox 2249 1671 2285 1717; x_wconf 88' lang='lat' dir='ltr'>a</span> <span class='ocrx_word' id='word_1_109' title='bbox 2316 1648 2563 1740; x_wconf 81' lang='lat' dir='ltr'>syllaba</span> 
     </span>
     <span class='ocr_line' id='line_1_13' title="bbox 367 1755 2565 1848; baseline 0 -25"><span class='ocrx_word' id='word_1_110' title='bbox 367 1759 465 1846; x_wconf 88' lang='lat' dir='ltr'>je,</span> <span class='ocrx_word' id='word_1_111' title='bbox 482 1758 576 1845; x_wconf 80' lang='lat' dir='ltr'>ji,</span> <span class='ocrx_word' id='word_1_112' title='bbox 604 1755 915 1845; x_wconf 88' lang='lat' dir='ltr'>primitus</span> <span class='ocrx_word' id='word_1_113' title='bbox 927 1756 1198 1845; x_wconf 47' lang='lat' dir='ltr'>jasorta</span> <span class='ocrx_word' id='word_1_114' title='bbox 1221 1762 1341 1835; x_wconf 87' lang='lat' dir='ltr'>est,</span> <span class='ocrx_word' id='word_1_115' title='bbox 1363 1779 1492 1845; x_wconf 90' lang='lat' dir='ltr'>qua</span> <span class='ocrx_word' id='word_1_116' title='bbox 1517 1757 1765 1848; x_wconf 78' lang='lat' dir='ltr'>syllaba</span> <span class='ocrx_word' id='word_1_117' title='bbox 1796 1758 1930 1826; x_wconf 86' lang='lat' dir='ltr'>fere</span> <span class='ocrx_word' id='word_1_118' title='bbox 1950 1758 2134 1826; x_wconf 88' lang='lat' dir='ltr'>nulla</span> <span class='ocrx_word' id='word_1_119' title='bbox 2156 1757 2565 1847; x_wconf 83' lang='lat' dir='ltr'>frequentius</span> 
     </span>
     <span class='ocr_line' id='line_1_14' title="bbox 381 1862 2563 1954; baseline -0 -23"><span class='ocrx_word' id='word_1_120' title='bbox 381 1865 452 1931; x_wconf 90' lang='lat' dir='ltr'>in</span> <span class='ocrx_word' id='word_1_121' title='bbox 471 1862 907 1931; x_wconf 87' lang='lat' dir='ltr'>informandis</span> <span class='ocrx_word' id='word_1_122' title='bbox 935 1863 1277 1952; x_wconf 82' lang='lat' dir='ltr'>praesentis</span> <span class='ocrx_word' id='word_1_123' title='bbox 1294 1864 1694 1932; x_wconf 88' lang='lat' dir='ltr'>thematibus</span> <span class='ocrx_word' id='word_1_124' title='bbox 1718 1871 2035 1954; x_wconf 87' lang='lat' dir='ltr'>usurpata</span> <span class='ocrx_word' id='word_1_125' title='bbox 2055 1871 2177 1943; x_wconf 86' lang='lat' dir='ltr'>est,</span> <span class='ocrx_word' id='word_1_126' title='bbox 2197 1864 2563 1954; x_wconf 86' lang='lat' dir='ltr'>praesertim</span> 
     </span>
     <span class='ocr_line' id='line_1_15' title="bbox 381 1968 2565 2058; baseline -0.001 -21"><span class='ocrx_word' id='word_1_127' title='bbox 381 1970 451 2037; x_wconf 91' lang='lat' dir='ltr'>in</span> <span class='ocrx_word' id='word_1_128' title='bbox 486 1969 711 2058; x_wconf 87' lang='lat' dir='ltr'>lingua</span> <span class='ocrx_word' id='word_1_129' title='bbox 753 1991 963 2058; x_wconf 84' lang='lat' dir='ltr'>graeca</span> <span class='ocrx_word' id='word_1_130' title='bbox 995 1969 1112 2036; x_wconf 89' lang='lat' dir='ltr'>ubi</span> <span class='ocrx_word' id='word_1_131' title='bbox 1140 1968 1340 2037; x_wconf 85' lang='lat' dir='ltr'>variis</span> <span class='ocrx_word' id='word_1_132' title='bbox 1369 1969 1584 2037; x_wconf 90' lang='lat' dir='ltr'>modis</span> <span class='ocrx_word' id='word_1_133' title='bbox 1612 1969 1740 2037; x_wconf 82' lang='lat' dir='ltr'>fuit</span> <span class='ocrx_word' id='word_1_134' title='bbox 1768 1969 2116 2038; x_wconf 84' lang='lat' dir='ltr'>immutata</span> <span class='ocrx_word' id='word_1_135' title='bbox 2149 1970 2349 2058; x_wconf 87' lang='lat' dir='ltr'>(Schl.</span> <span class='ocrx_word' id='word_1_136' title='bbox 2387 1971 2565 2037; x_wconf 88' lang='lat' dir='ltr'>Com-</span> 
     </span>
     <span class='ocr_line' id='line_1_16' title="bbox 376 2075 2568 2167; baseline -0 -23"><span class='ocrx_word' id='word_1_137' title='bbox 376 2079 605 2167; x_wconf 60' lang='lat' dir='ltr'>penei„</span> <span class='ocrx_word' id='word_1_138' title='bbox 653 2080 685 2165; x_wconf 70' lang='grc' dir='ltr'>Ξ</span> <span class='ocrx_word' id='word_1_139' title='bbox 714 2078 868 2157; x_wconf 79' lang='lat'>293,</span> <span class='ocrx_word' id='word_1_140' title='bbox 900 2076 1002 2165; x_wconf 87' lang='lat' dir='ltr'>V).</span> <span class='ocrx_word' id='word_1_141' title='bbox 1035 2075 1345 2165; x_wconf 83' lang='lat' dir='ltr'>Ejusdem</span> <span class='ocrx_word' id='word_1_142' title='bbox 1373 2075 1641 2166; x_wconf 84' lang='lat' dir='ltr'>syllabae</span> <span class='ocrx_word' id='word_1_143' title='bbox 1655 2079 1763 2165; x_wconf 86' lang='lat' dir='ltr'>ja,</span> <span class='ocrx_word' id='word_1_144' title='bbox 1793 2076 1862 2143; x_wconf 90' lang='lat' dir='ltr'>in</span> <span class='ocrx_word' id='word_1_145' title='bbox 1892 2077 2245 2146; x_wconf 83' lang='lat' dir='ltr'>indicativo</span> <span class='ocrx_word' id='word_1_146' title='bbox 2280 2082 2568 2144; x_wconf 83' lang='lat' dir='ltr'>contrac-</span> 
     </span>
     <span class='ocr_line' id='line_1_17' title="bbox 385 2177 2563 2274; baseline 0 -21"><span class='ocrx_word' id='word_1_147' title='bbox 385 2177 564 2254; x_wconf 81' lang='lat' dir='ltr'>tione</span> <span class='ocrx_word' id='word_1_148' title='bbox 595 2185 880 2274; x_wconf 90' lang='lat' dir='ltr'>quadam</span> <span class='ocrx_word' id='word_1_149' title='bbox 915 2188 942 2251; x_wconf 83' lang='lat' dir='ltr'>i</span> <span class='ocrx_word' id='word_1_150' title='bbox 971 2187 1182 2264; x_wconf 86' lang='lat' dir='ltr'>sactae,</span> <span class='ocrx_word' id='word_1_151' title='bbox 1216 2183 1424 2253; x_wconf 85' lang='lat' dir='ltr'>literae</span> <span class='ocrx_word' id='word_1_152' title='bbox 1464 2184 1732 2252; x_wconf 83' lang='lat' dir='ltr'>ambae</span> <span class='ocrx_word' id='word_1_153' title='bbox 1715 2207 1784 2253; x_wconf 88' lang='lat' dir='ltr'>m</span> <span class='ocrx_word' id='word_1_154' title='bbox 1815 2184 2232 2274; x_wconf 82' lang='lat' dir='ltr'>conjunctivo</span> <span class='ocrx_word' id='word_1_155' title='bbox 2272 2191 2563 2263; x_wconf 86' lang='lat' dir='ltr'>servatae,</span> 
     </span>
     <span class='ocr_line' id='line_1_18' title="bbox 387 2291 2565 2382; baseline 0.001 -23"><span class='ocrx_word' id='word_1_156' title='bbox 387 2293 476 2362; x_wconf 87' lang='lat' dir='ltr'>ita</span> <span class='ocrx_word' id='word_1_157' title='bbox 506 2292 980 2372; x_wconf 68' lang='lat' dir='ltr'>dissolxuntur,</span> <span class='ocrx_word' id='word_1_158' title='bbox 1022 2298 1166 2360; x_wconf 87' lang='lat' dir='ltr'>ute</span> <span class='ocrx_word' id='word_1_159' title='bbox 1193 2291 1411 2382; x_wconf 85' lang='lat' dir='ltr'>priore</span> <span class='ocrx_word' id='word_1_160' title='bbox 1461 2292 1708 2360; x_wconf 89' lang='lat' dir='ltr'>vocalis</span> <span class='ocrx_word' id='word_1_161' title='bbox 1756 2294 1783 2358; x_wconf 82' lang='lat' dir='ltr'>i</span> <span class='ocrx_word' id='word_1_162' title='bbox 1823 2291 2064 2371; x_wconf 81' lang='lat' dir='ltr'>breviS,</span> <span class='ocrx_word' id='word_1_163' title='bbox 2103 2313 2139 2360; x_wconf 88' lang='lat' dir='ltr'>e</span> <span class='ocrx_word' id='word_1_164' title='bbox 2180 2291 2565 2382; x_wconf 86' lang='lat' dir='ltr'>posteriore,</span> 
     </span>
     <span class='ocr_line' id='line_1_19' title="bbox 388 2391 2252 2490; baseline -0.002 -21"><span class='ocrx_word' id='word_1_165' title='bbox 388 2393 541 2469; x_wconf 86' lang='lat' dir='ltr'>eum</span> <span class='ocrx_word' id='word_1_166' title='bbox 574 2391 976 2490; x_wconf 81' lang='lat' dir='ltr'>conjunctivi</span> <span class='ocrx_word' id='word_1_167' title='bbox 1008 2422 1052 2466; x_wconf 88' lang='lat' dir='ltr'>a</span> <span class='ocrx_word' id='word_1_168' title='bbox 1092 2399 1272 2468; x_wconf 86' lang='lat' dir='ltr'>brevi</span> <span class='ocrx_word' id='word_1_169' title='bbox 1307 2399 1564 2487; x_wconf 84' lang='lat' dir='ltr'>juncta,</span> <span class='ocrx_word' id='word_1_170' title='bbox 1603 2412 1645 2465; x_wconf 87' lang='grc' dir='ltr'><em>ᾶ</em></span> <span class='ocrx_word' id='word_1_171' title='bbox 1674 2398 1868 2488; x_wconf 89' lang='lat' dir='ltr'>longa</span> <span class='ocrx_word' id='word_1_172' title='bbox 1904 2399 2252 2468; x_wconf 85' lang='lat' dir='ltr'>efficiatur.</span> 
     </span>
    </p>

    <p class='ocr_par' dir='ltr' id='par_1_4' title="bbox 386 2504 2571 3005">
     <span class='ocr_line' id='line_1_20' title="bbox 473 2504 2565 2599; baseline 0.002 -24"><span class='ocrx_word' id='word_1_173' title='bbox 473 2506 761 2599; x_wconf 87' lang='lat' dir='ltr'>Denique</span> <span class='ocrx_word' id='word_1_174' title='bbox 799 2505 1164 2575; x_wconf 88' lang='lat' dir='ltr'>notandum</span> <span class='ocrx_word' id='word_1_175' title='bbox 1198 2511 1297 2574; x_wconf 83' lang='lat' dir='ltr'>est</span> <span class='ocrx_word' id='word_1_176' title='bbox 1328 2504 1397 2570; x_wconf 89' lang='lat' dir='ltr'>in</span> <span class='ocrx_word' id='word_1_177' title='bbox 1426 2505 1619 2572; x_wconf 85' lang='lat' dir='ltr'>tertia</span> <span class='ocrx_word' id='word_1_178' title='bbox 1644 2511 1709 2574; x_wconf 91' lang='lat' dir='ltr'>et</span> <span class='ocrx_word' id='word_1_179' title='bbox 1742 2505 1813 2572; x_wconf 88' lang='lat' dir='ltr'>in</span> <span class='ocrx_word' id='word_1_180' title='bbox 1842 2514 2073 2597; x_wconf 79' lang='lat' dir='ltr'>qualta</span> <span class='ocrx_word' id='word_1_181' title='bbox 2106 2509 2565 2599; x_wconf 84' lang='lat' dir='ltr'>conjugatione</span> 
     </span>
     <span class='ocr_line' id='line_1_21' title="bbox 386 2612 2569 2706; baseline 0 -23"><span class='ocrx_word' id='word_1_182' title='bbox 386 2613 789 2705; x_wconf 87' lang='lat' dir='ltr'>conjunctivi</span> <span class='ocrx_word' id='word_1_183' title='bbox 818 2612 1160 2705; x_wconf 83' lang='lat' dir='ltr'>praesentis</span> <span class='ocrx_word' id='word_1_184' title='bbox 1189 2633 1537 2701; x_wconf 87' lang='lat' dir='ltr'>personam</span> <span class='ocrx_word' id='word_1_185' title='bbox 1572 2613 1857 2701; x_wconf 89' lang='lat' dir='ltr'>primam</span> <span class='ocrx_word' id='word_1_186' title='bbox 1889 2614 2097 2682; x_wconf 89' lang='lat' dir='ltr'>futuri</span> <span class='ocrx_word' id='word_1_187' title='bbox 2127 2637 2403 2706; x_wconf 82' lang='lat' dir='ltr'>quoque·</span> <span class='ocrx_word' id='word_1_188' title='bbox 2424 2638 2569 2706; x_wconf 88' lang='lat' dir='ltr'>par-</span> 
     </span>
     <span class='ocr_line' id='line_1_22' title="bbox 388 2721 2567 2811; baseline 0.001 -22"><span class='ocrx_word' id='word_1_189' title='bbox 388 2722 568 2789; x_wconf 86' lang='lat' dir='ltr'>tibus</span> <span class='ocrx_word' id='word_1_190' title='bbox 596 2721 781 2811; x_wconf 87' lang='lat' dir='ltr'>fungi</span> <span class='ocrx_word' id='word_1_191' title='bbox 833 2745 848 2787; x_wconf 81' lang='lat' dir='ltr'>z</span> <span class='ocrx_word' id='word_1_192' title='bbox 901 2725 1109 2811; x_wconf 74' lang='lat' dir='ltr'>leqam</span> <span class='ocrx_word' id='word_1_193' title='bbox 1160 2726 1224 2787; x_wconf 88' lang='lat' dir='ltr'>et</span> <span class='ocrx_word' id='word_1_194' title='bbox 1268 2722 1555 2807; x_wconf 83' lang='lat' dir='ltr'>capiam,</span> <span class='ocrx_word' id='word_1_195' title='bbox 1600 2723 1901 2788; x_wconf 83' lang='lat' dir='ltr'>audiam.</span> <span class='ocrx_word' id='word_1_196' title='bbox 1938 2721 2193 2789; x_wconf 84' lang='lat' dir='ltr'>Ceteras</span> <span class='ocrx_word' id='word_1_197' title='bbox 2244 2723 2453 2791; x_wconf 83' lang='lat' dir='ltr'>futuri</span> <span class='ocrx_word' id='word_1_198' title='bbox 2498 2723 2567 2791; x_wconf 89' lang='lat' dir='ltr'>in</span> 
     </span>
     <span class='ocr_line' id='line_1_23' title="bbox 389 2826 2571 2918; baseline 0.002 -25"><span class='ocrx_word' id='word_1_199' title='bbox 389 2827 624 2896; x_wconf 88' lang='lat' dir='ltr'>iisdem</span> <span class='ocrx_word' id='word_1_200' title='bbox 653 2826 1228 2917; x_wconf 84' lang='lat' dir='ltr'>conjugationibus</span> <span class='ocrx_word' id='word_1_201' title='bbox 1255 2827 1500 2895; x_wconf 82' lang='lat' dir='ltr'>formas</span> <span class='ocrx_word' id='word_1_202' title='bbox 1528 2826 1612 2894; x_wconf 88' lang='lat' dir='ltr'>ad</span> <span class='ocrx_word' id='word_1_203' title='bbox 1642 2828 2003 2918; x_wconf 85' lang='lat' dir='ltr'>optativum</span> <span class='ocrx_word' id='word_1_204' title='bbox 2028 2828 2403 2898; x_wconf 87' lang='lat' dir='ltr'>referendas</span> <span class='ocrx_word' id='word_1_205' title='bbox 2428 2850 2571 2897; x_wconf 89' lang='lat' dir='ltr'>esse</span> 
     </span>
     <span class='ocr_line' id='line_1_24' title="bbox 391 2930 988 3005; baseline 0 -3"><span class='ocrx_word' id='word_1_206' title='bbox 391 2930 542 3005; x_wconf 86' lang='lat' dir='ltr'>mox</span> <span class='ocrx_word' id='word_1_207' title='bbox 573 2936 988 3005; x_wconf 86' lang='lat' dir='ltr'>videbimus..</span> 
     </span>
    </p>

    <p class='ocr_par' dir='ltr' id='par_1_5' title="bbox 289 3042 2576 3994">
     <span class='ocr_line' id='line_1_25' title="bbox 476 3042 2572 3134; baseline -0 -23"><span class='ocrx_word' id='word_1_208' title='bbox 476 3042 826 3133; x_wconf 90' lang='lat' dir='ltr'>Postquam</span> <span class='ocrx_word' id='word_1_209' title='bbox 858 3043 936 3112; x_wconf 90' lang='lat' dir='ltr'>de</span> <span class='ocrx_word' id='word_1_210' title='bbox 964 3044 1382 3134; x_wconf 83' lang='lat' dir='ltr'>conjunctivo</span> <span class='ocrx_word' id='word_1_211' title='bbox 1411 3044 1493 3112; x_wconf 92' lang='lat' dir='ltr'>ad</span> <span class='ocrx_word' id='word_1_212' title='bbox 1528 3043 1874 3133; x_wconf 83' lang='lat' dir='ltr'>praesentis</span> <span class='ocrx_word' id='word_1_213' title='bbox 1909 3045 2198 3113; x_wconf 83' lang='lat' dir='ltr'>themata</span> <span class='ocrx_word' id='word_1_214' title='bbox 2231 3044 2572 3112; x_wconf 86' lang='lat' dir='ltr'>referendo</span> 
     </span>
     <span class='ocr_line' id='line_1_26' title="bbox 391 3148 2572 3241; baseline 0 -23"><span class='ocrx_word' id='word_1_215' title='bbox 391 3150 577 3241; x_wconf 90' lang='lat' dir='ltr'>prius</span> <span class='ocrx_word' id='word_1_216' title='bbox 606 3156 671 3218; x_wconf 93' lang='lat' dir='ltr'>et</span> <span class='ocrx_word' id='word_1_217' title='bbox 701 3150 918 3218; x_wconf 84' lang='lat' dir='ltr'>fusius</span> <span class='ocrx_word' id='word_1_218' title='bbox 948 3156 1301 3218; x_wconf 88' lang='lat' dir='ltr'>tractatum</span> <span class='ocrx_word' id='word_1_219' title='bbox 1343 3155 1464 3229; x_wconf 90' lang='lat' dir='ltr'>est,</span> <span class='ocrx_word' id='word_1_220' title='bbox 1518 3155 1744 3238; x_wconf 89' lang='lat' dir='ltr'>utpote</span> <span class='ocrx_word' id='word_1_221' title='bbox 1773 3148 2203 3218; x_wconf 84' lang='lat' dir='ltr'>usitatissimo</span> <span class='ocrx_word' id='word_1_222' title='bbox 2246 3157 2311 3218; x_wconf 92' lang='lat' dir='ltr'>et</span> <span class='ocrx_word' id='word_1_223' title='bbox 2351 3149 2572 3218; x_wconf 82' lang='lat' dir='ltr'>forsan</span> 
     </span>
     <span class='ocr_line' id='line_1_27' title="bbox 391 3256 2575 3351; baseline 0.001 -26"><span class='ocrx_word' id='word_1_224' title='bbox 391 3258 607 3349; x_wconf 83' lang='lat' dir='ltr'>primo</span> <span class='ocrx_word' id='word_1_225' title='bbox 658 3258 988 3347; x_wconf 90' lang='lat' dir='ltr'>unicoque</span> <span class='ocrx_word' id='word_1_226' title='bbox 1044 3257 1402 3347; x_wconf 87' lang='lat' dir='ltr'>exemplari</span> <span class='ocrx_word' id='word_1_227' title='bbox 1438 3258 1633 3345; x_wconf 88' lang='lat' dir='ltr'>cujus</span> <span class='ocrx_word' id='word_1_228' title='bbox 1673 3256 2041 3347; x_wconf 85' lang='lat' dir='ltr'>analogiam</span> <span class='ocrx_word' id='word_1_229' title='bbox 2085 3257 2292 3351; x_wconf 86' lang='lat' dir='ltr'>secuti</span> <span class='ocrx_word' id='word_1_230' title='bbox 2335 3264 2575 3328; x_wconf 84' lang='lat' dir='ltr'>cetero-</span> 
     </span>
     <span class='ocr_line' id='line_1_28' title="bbox 392 3358 2568 3456; baseline 0.002 -23"><span class='ocrx_word' id='word_1_231' title='bbox 392 3388 543 3447; x_wconf 84' lang='lat' dir='ltr'>rum</span> <span class='ocrx_word' id='word_1_232' title='bbox 575 3373 945 3455; x_wconf 86' lang='lat' dir='ltr'>temporum</span> <span class='ocrx_word' id='word_1_233' title='bbox 977 3364 1379 3455; x_wconf 87' lang='lat' dir='ltr'>conjunctivi</span> <span class='ocrx_word' id='word_1_234' title='bbox 1413 3364 1482 3432; x_wconf 92' lang='lat' dir='ltr'>in</span> <span class='ocrx_word' id='word_1_235' title='bbox 1511 3387 1711 3432; x_wconf 92' lang='lat' dir='ltr'>usum</span> <span class='ocrx_word' id='word_1_236' title='bbox 1740 3365 2062 3447; x_wconf 84' lang='lat' dir='ltr'>venerint,</span> <span class='ocrx_word' id='word_1_237' title='bbox 2093 3387 2301 3456; x_wconf 90' lang='lat' dir='ltr'>pauca</span> <span class='ocrx_word' id='word_1_238' title='bbox 2333 3358 2412 3434; x_wconf 75' lang='lat' dir='ltr'>de</span> <span class='ocrx_word' id='word_1_239' title='bbox 2438 3367 2568 3449; x_wconf 90' lang='lat' dir='ltr'>his,</span> 
     </span>
     <span class='ocr_line' id='line_1_29' title="bbox 396 3472 2573 3564; baseline 0.002 -23"><span class='ocrx_word' id='word_1_240' title='bbox 396 3473 477 3541; x_wconf 91' lang='lat' dir='ltr'>ad</span> <span class='ocrx_word' id='word_1_241' title='bbox 507 3473 902 3542; x_wconf 89' lang='lat' dir='ltr'>aoristorum</span> <span class='ocrx_word' id='word_1_242' title='bbox 933 3480 1047 3542; x_wconf 89' lang='lat' dir='ltr'>aut</span> <span class='ocrx_word' id='word_1_243' title='bbox 1084 3472 1351 3563; x_wconf 87' lang='lat' dir='ltr'>perfecti</span> <span class='ocrx_word' id='word_1_244' title='bbox 1406 3474 1696 3542; x_wconf 86' lang='lat' dir='ltr'>themata</span> <span class='ocrx_word' id='word_1_245' title='bbox 1742 3474 2250 3564; x_wconf 83' lang='lat' dir='ltr'>pertinentibuS,</span> <span class='ocrx_word' id='word_1_246' title='bbox 2299 3475 2573 3545; x_wconf 87' lang='lat' dir='ltr'>dicenda</span> 
     </span>
     <span class='ocr_line' id='line_1_30' title="bbox 396 3579 2575 3671; baseline -0.001 -21"><span class='ocrx_word' id='word_1_247' title='bbox 396 3587 573 3650; x_wconf 89' lang='lat' dir='ltr'>sunt.</span> <span class='ocrx_word' id='word_1_248' title='bbox 619 3579 732 3647; x_wconf 88' lang='lat' dir='ltr'>Hic</span> <span class='ocrx_word' id='word_1_249' title='bbox 781 3580 1161 3648; x_wconf 86' lang='lat' dir='ltr'>sanscritica</span> <span class='ocrx_word' id='word_1_250' title='bbox 1212 3585 1469 3647; x_wconf 88' lang='lat' dir='ltr'>tantum</span> <span class='ocrx_word' id='word_1_251' title='bbox 1519 3587 1583 3649; x_wconf 87' lang='lat' dir='ltr'>et</span> <span class='ocrx_word' id='word_1_252' title='bbox 1634 3602 1843 3670; x_wconf 85' lang='lat' dir='ltr'>graeca</span> <span class='ocrx_word' id='word_1_253' title='bbox 1883 3581 2105 3669; x_wconf 84' lang='lat' dir='ltr'>lingua</span> <span class='ocrx_word' id='word_1_254' title='bbox 2149 3580 2339 3648; x_wconf 91' lang='lat' dir='ltr'>nobis</span> <span class='ocrx_word' id='word_1_255' title='bbox 2375 3582 2575 3671; x_wconf 88' lang='lat' dir='ltr'>respi-</span> 
     </span>
     <span class='ocr_line' id='line_1_31' title="bbox 396 3674 2576 3776; baseline 0 -21"><span class='ocrx_word' id='word_1_256' title='bbox 396 3688 644 3756; x_wconf 86' lang='lat' dir='ltr'>ciendae</span> <span class='ocrx_word' id='word_1_257' title='bbox 670 3674 887 3757; x_wconf 85' lang='lat' dir='ltr'>erunt.</span> <span class='ocrx_word' id='word_1_258' title='bbox 921 3688 1146 3756; x_wconf 87' lang='lat' dir='ltr'>Latina</span> <span class='ocrx_word' id='word_1_259' title='bbox 1175 3686 1376 3766; x_wconf 89' lang='lat' dir='ltr'>enim,</span> <span class='ocrx_word' id='word_1_260' title='bbox 1430 3709 1577 3776; x_wconf 83' lang='lat' dir='ltr'>quae</span> <span class='ocrx_word' id='word_1_261' title='bbox 1612 3688 1948 3771; x_wconf 83' lang='lat' dir='ltr'>dicuntur,</span> <span class='ocrx_word' id='word_1_262' title='bbox 1985 3688 2385 3776; x_wconf 86' lang='lat' dir='ltr'>conjunctivi</span> <span class='ocrx_word' id='word_1_263' title='bbox 2414 3683 2576 3757; x_wconf 85' lang='lat' dir='ltr'>tem-</span> 
     </span>
     <span class='ocr_line' id='line_1_32' title="bbox 289 3793 2574 3889; baseline 0 -26"><span class='ocrx_word' id='word_1_264' title='bbox 289 3798 296 3805; x_wconf 83' lang='grc'><em>’</em></span> <span class='ocrx_word' id='word_1_265' title='bbox 395 3819 578 3888; x_wconf 88' lang='lat' dir='ltr'>pora,</span> <span class='ocrx_word' id='word_1_266' title='bbox 642 3801 962 3886; x_wconf 83' lang='lat' dir='ltr'>praesente</span> <span class='ocrx_word' id='word_1_267' title='bbox 1017 3800 1309 3885; x_wconf 80' lang='lat' dir='ltr'>exceptO,</span> <span class='ocrx_word' id='word_1_268' title='bbox 1389 3793 1610 3889; x_wconf 81' lang='lat' dir='ltr'>omnia</span> <span class='ocrx_word' id='word_1_269' title='bbox 1672 3794 1754 3863; x_wconf 89' lang='lat' dir='ltr'>ad</span> <span class='ocrx_word' id='word_1_270' title='bbox 1814 3793 2177 3884; x_wconf 83' lang='lat' dir='ltr'>optativum</span> <span class='ocrx_word' id='word_1_271' title='bbox 2232 3794 2574 3863; x_wconf 83' lang='lat' dir='ltr'>referenda</span> 
     </span>
     <span class='ocr_line' id='line_1_33' title="bbox 398 3910 898 3994; baseline -0.004 -23"><span class='ocrx_word' id='word_1_272' title='bbox 398 3910 574 3972; x_wconf 84' lang='lat' dir='ltr'>sunt.</span> <span class='ocrx_word' id='word_1_273' title='bbox 855 3951 898 3994; x_wconf 53' lang='lat'>3</span> 
     </span>
    </p>

    <p class='ocr_par' dir='ltr' id='par_1_6' title="bbox 397 4006 2575 4419">
     <span class='ocr_line' id='line_1_34' title="bbox 484 4006 2571 4100; baseline -0.001 -22"><span class='ocrx_word' id='word_1_274' title='bbox 484 4011 569 4080; x_wconf 91' lang='lat' dir='ltr'>De</span> <span class='ocrx_word' id='word_1_275' title='bbox 592 4011 907 4088; x_wconf 88' lang='lat' dir='ltr'>secundo,</span> <span class='ocrx_word' id='word_1_276' title='bbox 940 4031 1137 4100; x_wconf 89' lang='lat' dir='ltr'>quem</span> <span class='ocrx_word' id='word_1_277' title='bbox 1174 4015 1430 4098; x_wconf 88' lang='lat' dir='ltr'>vocant,</span> <span class='ocrx_word' id='word_1_278' title='bbox 1463 4008 1729 4088; x_wconf 87' lang='lat' dir='ltr'>aoristo,</span> <span class='ocrx_word' id='word_1_279' title='bbox 1763 4008 2016 4078; x_wconf 88' lang='lat' dir='ltr'>nullam</span> <span class='ocrx_word' id='word_1_280' title='bbox 2044 4032 2077 4075; x_wconf 88' lang='lat' dir='ltr'>s</span> <span class='ocrx_word' id='word_1_281' title='bbox 2106 4006 2363 4077; x_wconf 82' lang='lat' dir='ltr'>literam</span> <span class='ocrx_word' id='word_1_282' title='bbox 2397 4009 2571 4077; x_wconf 86' lang='lat' dir='ltr'>exhi-</span> 
     </span>
     <span class='ocr_line' id='line_1_35' title="bbox 397 4118 2566 4209; baseline 0 -22"><span class='ocrx_word' id='word_1_283' title='bbox 397 4118 614 4199; x_wconf 88' lang='lat' dir='ltr'>bente,</span> <span class='ocrx_word' id='word_1_284' title='bbox 649 4119 922 4209; x_wconf 86' lang='lat' dir='ltr'>quaestio</span> <span class='ocrx_word' id='word_1_285' title='bbox 947 4118 1175 4187; x_wconf 89' lang='lat' dir='ltr'>eadem</span> <span class='ocrx_word' id='word_1_286' title='bbox 1213 4119 1346 4187; x_wconf 85' lang='lat' dir='ltr'>fore</span> <span class='ocrx_word' id='word_1_287' title='bbox 1398 4124 1594 4207; x_wconf 86' lang='lat' dir='ltr'>atque</span> <span class='ocrx_word' id='word_1_288' title='bbox 1639 4118 1718 4186; x_wconf 86' lang='lat' dir='ltr'>de</span> <span class='ocrx_word' id='word_1_289' title='bbox 1758 4118 2041 4187; x_wconf 86' lang='lat' dir='ltr'>themate</span> <span class='ocrx_word' id='word_1_290' title='bbox 2074 4118 2415 4209; x_wconf 85' lang='lat' dir='ltr'>praesentis</span> <span class='ocrx_word' id='word_1_291' title='bbox 2446 4125 2566 4187; x_wconf 87' lang='lat' dir='ltr'>est.</span> 
     </span>
     <span class='ocr_line' id='line_1_36' title="bbox 398 4224 2575 4316; baseline 0 -23"><span class='ocrx_word' id='word_1_292' title='bbox 398 4226 556 4316; x_wconf 88' lang='lat' dir='ltr'>Ejus</span> <span class='ocrx_word' id='word_1_293' title='bbox 573 4226 751 4294; x_wconf 88' lang='lat' dir='ltr'>enim</span> <span class='ocrx_word' id='word_1_294' title='bbox 769 4228 986 4294; x_wconf 88' lang='lat' dir='ltr'>thema</span> <span class='ocrx_word' id='word_1_295' title='bbox 1003 4231 1240 4315; x_wconf 84' lang='lat' dir='ltr'>praeter</span> <span class='ocrx_word' id='word_1_296' title='bbox 1259 4229 1712 4313; x_wconf 82' lang='lat' dir='ltr'>augmentum,</span> <span class='ocrx_word' id='word_1_297' title='bbox 1737 4230 1851 4292; x_wconf 90' lang='lat' dir='ltr'>aut</span> <span class='ocrx_word' id='word_1_298' title='bbox 1868 4225 2086 4294; x_wconf 83' lang='lat' dir='ltr'>radice</span> <span class='ocrx_word' id='word_1_299' title='bbox 2110 4224 2311 4303; x_wconf 90' lang='lat' dir='ltr'>nuda,</span> <span class='ocrx_word' id='word_1_300' title='bbox 2326 4231 2401 4292; x_wconf 89' lang='lat' dir='ltr'>ut</span> <span class='ocrx_word' id='word_1_301' title='bbox 2414 4246 2575 4315; x_wconf 85' lang='lat' dir='ltr'>prae-</span> 
     </span>
     <span class='ocr_line' id='line_1_37' title="bbox 402 4331 2564 4419; baseline -0.001 -18"><span class='ocrx_word' id='word_1_302' title='bbox 402 4334 602 4402; x_wconf 86' lang='lat' dir='ltr'>sentis</span> <span class='ocrx_word' id='word_1_303' title='bbox 622 4335 844 4401; x_wconf 83' lang='lat' dir='ltr'>thema</span> <span class='ocrx_word' id='word_1_304' title='bbox 889 4332 1193 4401; x_wconf 84' lang='lat' dir='ltr'>secundae</span> <span class='ocrx_word' id='word_1_305' title='bbox 1219 4331 1476 4411; x_wconf 81' lang='lat' dir='ltr'>classiS‚</span> <span class='ocrx_word' id='word_1_306' title='bbox 1513 4337 1769 4399; x_wconf 87' lang='lat' dir='ltr'>constat</span> <span class='ocrx_word' id='word_1_307' title='bbox 1800 4332 2209 4419; x_wconf 85' lang='lat' dir='ltr'>(sanseritice</span> <span class='ocrx_word' id='word_1_308' title='bbox 2254 4334 2564 4412; x_wconf 70' lang='grc' dir='ltr'><em>ά-ἀΙιᾱ-τη,</em></span> 
     </span>
    </p>
   </div>
  </div>
 </body>
</html>
