3234 5150
1491 951 1833 1037 CAPUT
1924 953 2034 1036 ΙΙ.

1151 1207 1235 1258 DE
1279 1206 1811 1266 QuAEsTlomssus
1856 1201 2366 1257 PROPONENDIS.

1606 1449 1927 1465 —-—n—

793 1687 868 1754 A.
923 1687 1108 1766 Quod
1142 1687 1228 1751 ad
1257 1687 1544 1771 sormam
1573 1687 1873 1764 attineat,
1907 1693 2131 1752 utrum
2165 1685 2344 1752 modi
2388 1667 2715 1773 simplice-s
2756 1721 2763 1726 ·

1414 1795 1550 1860 sint
1599 1815 1691 1860 an
1726 1794 2093 1883 compositz}

743 1989 961 2069 Quum
977 1989 1118 2079 jam
1147 1989 1549 2079 conjunctivi
1578 1995 1644 2058 et
1674 1987 1944 2080 optativi
1965 1987 2313 2058 materiam
2344 1987 2419 2054 in
2434 1994 2656 2079 partes
2674 2011 2847 2060 reso-

656 2095 868 2172 lutam
903 2098 1290 2178 habeamuS‚
1325 2105 1389 2168 et
1421 2119 1500 2168 ex
1527 2097 1633 2166 his
1673 2097 1972 2188 partibus
1992 2118 2156 2186 ,quae
2189 2118 2323 2165 una
2356 2097 2536 2164 modi
2556 2097 2841 2188 signum

654 2211 776 2284 est,
820 2226 966 2273 eam
1027 2207 1396 2296 sejunctam
1433 2206 1851 2275 considerare
1904 2203 2263 2296 possimus,
2311 2204 2391 2273 de
2439 2203 2626 2294 signi.
2658 2205 2845 2275 illius

653 2318 892 2380 natura
947 2317 1014 2382 et
1059 2311 1140 2395 vi,
1177 2313 1667 2403 antiquissima,
1717 2312 1895 2404 quod
1959 2319 2059 2382 est
2105 2311 2309 2400 hujus
2368 2311 2581 2380 libelli
2645 2333 2841 2402 argu-

655 2424 982 2501 mentum,
1032 2420 1453 2489 tractandum
1499 2420 1649 2490 erit.
1714 2418 1917 2510 Cujus
1962 2417 2432 2510 disputationis
2486 2417 2580 2498 id,
2645 2426 2722 2487 ut
2762 2419 2843 2487 in

653 2524 972 2618 prooemio
1034 2527 1360 2609 nuntiavi,
1415 2527 1822 2621 principium
1876 2526 2027 2609 erit,
2089 2533 2189 2596 ut.
2224 2525 2305 2595 de
2365 2525 2842 2616 quaestionihus

653 2636 1098 2726 proponendis
1145 2639 1343 2728 paulo
1385 2636 1601 2707 fusius
1644 2637 1991 2725 disseram,
2046 2632 2263 2711 Quum
2316 2636 2539 2701 autem
2600 2631 2843 2722 duplex'

655 2739 745 2808 sit
803 2742 1077 2830 quaestio
1133 2744 1214 2811 de
1255 2750 1490 2813 natura
1549 2744 1722 2833 signi
1778 2748 1843 2812 et
1897 2742 1977 2811 de
2035 2742 2181 2831 ejus
2248 2740 2337 2819 vi,
2396 2740 2532 2809 sive
2574 2740 2679 2809 .de.
2730 2762 2845 2809 an·B

655 2844 1053 2937 tiquissimis
1091 2850 1442 2920 modorum
1487 2850 1816 2930 sensibus,
1859 2848 2043 2940 prior
2081 2868 2261 2918 nunc
2291 2847 2371 2915 de
2400 2854 2639 2918 natura
2674 2845 2844 2937 signi

659 2955 826 3022 mihi
857 2957 1232 3049 attingenda
1259 2958 1385 3029 erit
1418 2982 1434 3025 ε
1477 2979 1715 3049 nempe
1746 2964 1974 3045 utrum
2020 2955 2422 3027 elementum
2476 2954 2669 3035 illud,
2713 2977 2843 3044 quo
2885 2986 2893 2994 ·

659 3064 882 3132 addito
907 3068 1404 3157 conjunctivum
1424 3075 1489 3138 et
1520 3066 1885 3159 optativum
1915 3087 1952 3134 e
1976 3062 2176 3134 variis
2195 3070 2571 3152 temporum
2597 3062 2846 3133 thema·

658 3170 840 3240 tibus
871 3174 1044 3242 effici
1080 3176 1222 3264 jam
1274 3177 1703 3257 ostenderim,
1762 3195 1881 3266 pro
1924 3171 2159 3241 suffixa
2196 3169 2483 3260 quadam
2517 3170 2844 3260 particula

663 3298 748 3345 an
783 3300 902 3368 pro
938 3282 1242 3351 auxiliari
1268 3284 1580 3355 ver-bosit
1617 3280 2023 3359 habendum,
2063 3275 2133 3346 id
2171 3284 2293 3357 est,
2325 3276 2565 3363 uttert
2602 3276 2845 3349 ‚titulus

663 3384 821 3454 huic
855 3388 1088 3477 capitis
1127 3390 1299 3479 parti
1329 3390 1713 3482 inscriptuS,
1746 3397 1975 3459 utrum
2018 3385 2197 3455 modi
2231 3383 2565 3476 simplices
2594 3384 2727 3455 sint
2764 3406 2847 3454 an

659 3496 2551 3584 compositi..

751 3600 905 3678 Quae
945 3602 1213 3693 quidem
1262 3607 1534 3700 quaestio
1577 3629 1733 3678 cum
1796 3607 1999 3677 altera
2057 3604 2126 3672 in
2182 3600 2543 3695 posteriore
2616 3597 2850 3692 capitis

661 3713 848 3799 parte
905 3716 1352 3805 proponenda,
1422 3724 1654 3787 utrum
1710 3720 1917 3806 quum
1984 3704 2415 3801 conjunctivi,
2463 3715 2609 3778 tum
2670 3712 2850 3796 opta-

663 3818 805 3899 tivi,
860 3842 1038 3917 unus
1076 3824 1413 3914 primitus
1460 3848 1544 3894 an
1599 3826 1827 3916 plures
1868 3842 2101 3891 sensus
2154 3819 2427 3905 fuerint,
2472 3822 2651 3886 arcte
2698 3837 2852 3883 con-

662 3926 972 3998 nectitur
1006 3906 1221 3999 Unum
1253 3932 1523 4024 quidem
1555 3953 1829 4001 sensum
1859 3930 2079 3999 declal
2079 3948 2190 3997 are
2222 3948 2263 3995 a
2288 3922 2470 3995 verbi
2510 3920 2852 3993 auxil-iaris

639 4037 729 4125 ⁴vi
767 4037 1231 4130 antiquissima
1269 4064 1403 4111 non
1461 4040 1755 4141 alienum
1793 4038 1998 4107 fuisse
2044 4036 2328 4115 videtur,
2350 4032 2543 4153 quod
2585 4052 2854 4101 necesse

665 4152 767 4213 est
806 4148 1198 4237 apertiorem
1235 4151 1591 4240 quemdam
1627 4156 1714 4229 et,
1763 4155 1838 4215 ut
1867 4148 1961 4215 ita
1995 4144 2240 4224 dicam,
2276 4141 2670 4213 crassiolem
2706 4161 2854 4209 sen-

669 4280 818 4326 sum
853 4255 1348 4347 significavisse‚
1382 4283 1419 4327 a
1449 4280 1578 4349 quo
1617 4254 2015 4357 posteriores
2049 4259 2113 4321 et
2144 4248 2581 4320 abstrusiores
2612 4268 2851 4315 sensus

670 4367 989 4453 paulatim
1033 4374 1099 4437 ot
1139 4390 1215 4437 ex
1245 4368 1472 4437 ordine
1500 4354 1813 4437 declinati
1864 4361 2019 4431 sint
2066 4354 2413 4429 Particulis
2454 4358 2676 4425 autem
2708 4352 2853 4443 qui-
