3234 5150
1613 449 1892 506 „52-

661 574 954 659 accepta,
993 567 1247 659 'quibus
1297 569 1365 639 id
1412 570 1795 644 institutum
1850 571 1935 640 sit
1981 576 2055 638 ut
2094 570 2381 640 ‚verbum
2440 571 2843 644 decimatum

667 697 821 744 cum
861 677 1152 766 themate
1183 677 1505 748 nominali
1550 680 1729 750 nudo
1759 674 2178 750 coalesceret.
2211 680 2374 748 Nam
2414 679 2579 760 haec,
2610 678 2666 747 si
2716 701 2845 768 qua

667 783 1088 866 exstitissent,
1133 785 1610 856 mutationibus
1660 791 1999 868 sonorum,
2041 809 2249 876 quum
2296 786 2661 856 recentiora
2704 791 2846 854 orta

669 897 846 970 sunt,
883 893 1092 983 magis
1125 893 1405 964 fuissent
1431 896 1796 966 deformata
1830 919 2028 988 quam
2059 902 2132 964 ut
2162 896 2562 986 exemplaria
2588 895 2670 962 ad
2719 893 2847 962 alia

668 998 1084 1070 informanda
1113 1003 1497 1092 praeberent.
1531 1005 1707 1073 Nihil
1739 1004 1940 1095 igitur
1964 1010 2165 1073 restat
2186 1003 2317 1072 nisi
2348 1010 2422 1072 ut
2448 1006 2842 1092 cale-facere,

670 1109 968 1193 cuci-kri,
1011 1115 1075 1178 et
1113 1109 1382 1192 similia,
1426 1111 1640 1181 abusu
1683 1113 1971 1202 quodam
2014 1118 2155 1182 orta
2194 1133 2338 1181 esse
2386 1111 2731 1180 credamus
2766 1107 2849 1176 ad

669 1219 1116 1291 obscuriorem
1158 1221 1799 1292 denominativorum
1851 1245 2119 1294 sensum
2152 1223 2621 1293 illustrandum
2654 1221 2850 1292 verbo

667 1328 872 1398 altero
915 1330 1164 1399 addito.
1219 1332 1325 1400 Hae
1377 1337 1531 1400 sunt
1577 1331 1855 1402 minime
1902 1331 2203 1422 genuinae
2248 1339 2335 1413 et,
2368 1347 2537 1400 'meo
2584 1329 2849 1420 quidem

661 1436 941 1525 judicio,
981 1437 1171 1528 quasi
1199 1439 1495 1510 barbarae
1527 1442 1779 1521 formae,
1816 1461 2099 1531 quarum
2127 1439 2379 1508 similes
2412 1439 2655 1528 linguae
2682 1436 2855 1526 geni-

667 1543 818 1613 trici
872 1545 1208 1634 assignare
1257 1547 1498 1616 abnuo.
1553 1547 1886 1639 Quidquid
1932 1555 2153 1618 autem
2206 1549 2288 1618 de
2352 1547 2437 1616 iis
2478 1545 2850 1637 judicatum

669 1649 817 1732 erit,
850 1673 1062 1720 unum
1094 1660 1269 1723 certe
1303 1655 1731 1728 manifestum
1766 1661 1865 1724 est
1896 1677 2007 1726 eas
2036 1657 2119 1725 ad
2149 1653 2583 1736 recentiorem
2615 1673 2857 1723 senno-

672 1757 776 1827 nis
807 1767 1063 1830 aetatem
1093 1762 1441 1852 pertinere.

757 1869 1081 1938 Hactenus
1119 1871 1258 1940 haec
1292 1870 1756 1962 disputationis
1799 1893 1953 1961 pars
1996 1870 2189 1961 cujus
2218 1893 2479 1954 summa
2508 1877 2608 1940 est
2644 1893 2658 1937 ε
2690 1868 2856 1939 radi-

671 1976 768 2046 cis
801 1983 915 2046 aut
946 1978 1256 2048 thematis
1297 1979 1461 2056 nudi
1491 2001 1647 2048 cum
1690 1980 1888 2048 verbo
1928 1979 2091 2060 flexo
2122 1979 2467 2070 compositi
2496 1979 2681 2048 nulla
2714 2000 2856 2048 esse

672 2087 746 2153 in
797 2088 1180 2154 universum
1229 2087 1561 2179 explorata
1638 2089 1933 2180 exempla
1960 2141 1976 2170 ,
2049 2089 2131 2158 ad
2194 2089 2617 2158 vetustiorem
2684 2092 2858 2156 certe

673 2191 996 2260 sermonis
1044 2191 1488 2282 indoeuropaei
1537 2198 1795 2260 aetatem
1830 2189 2266 2283 pertinentia;
2313 2193 2857 2284 compositionem

673 2297 876 2388 igitur
916 2299 1096 2366 verbi
1147 2301 1535 2379 auxiliaris,
1574 2299 2151 2372 terminationibus
2200 2300 2529 2380 instructi,
2568 2323 2720 2370 cum
2752 2322 2857 2369 ra-

675 2406 821 2476 dice
864 2414 977 2475 aut
1024 2409 1313 2478 themate
1363 2408 1544 2480 verbi
1594 2410 1998 2502 praedicativi
2054 2410 2238 2480 nulla
2288 2409 2585 2500 analogia
2609 2409 2857 2480 'confir-

676 2515 843 2585 mari
875 2537 1089 2608 posse.
2222 2592 2234 2601 .
2344 2596 2351 2605 .
2476 2571 2483 2579 .

766 2625 862 2693 Ad
919 2624 1191 2713 alteram
1253 2645 1432 2695 nunc
1483 2626 2091 2720 interpretationem
2154 2633 2590 2703 transeamus,
2638 2625 2721 2693 ab
2780 2622 2861 2693 iis

681 2734 898 2803 datam
922 2732 1036 2823 qui
1076 2733 1257 2801 verbi
1302 2734 1663 2813 auxiliaris,
1702 2758 1833 2805 non
1872 2736 2117 2805 formas
2157 2736 2379 2813 flean,
2418 2732 2533 2803 sed
2571 2731 2859 2801 radicem

681 2847 796 2910 aut
836 2841 1060 2909 thema
1105 2861 1141 2908 e
1187 2839 1408 2910 radice
1442 2842 1873 2910 informatum
1904 2844 2182 2923 nudum,
2215 2840 2646 2933 posteriorem
2680 2839 2859 2909 com-

682 2946 877 3039 positi
936 2954 1192 3037 partem
1236 2946 1531 3017 effecisse
1571 2948 1852 3039 fingunt,
1912 2950 2084 3019 dein.
2118 2949 2339 3039 ipsum
2394 2948 2856 3039 compositum,

682 3063 754 3124 ut
791 3057 1012 3123 thema
1042 3055 1303 3124 verbale
1331 3064 1751 3147 usurpatum,
1785 3043 2051 3149 proprio
2076 3058 2228 3147 jure
2254 3056 2657 3141 declinatum
2692 3078 2859 3125 esse.

679 3164 782 3231 Sic
840 3162 1196 3232 novissime
1245 3164 1493 3233 nodum
1547 3163 1852 3256 expedire
1916 3170 2191 3234 conatus
2238 3167 2347 3233 'est
2400 3165 2627 3233 doctor
2680 3159 2862 3231 Pauli

682 3271 1088 3360 (Zeitschrift
1104 3275 1223 3359 fiir
1249 3276 1446 3363 verql.
1482 3274 1911 3362 Sprachwiss.
1951 3273 2073 3353 XX,
2108 3296 2173 3364 p.
2218 3273 2341 3343 521
2380 3274 2576 3363 seq.),
2616 3278 2681 3341 et
2708 3270 2867 3339 huic

682 3378 964 3469 denique
1017 3381 1204 3467 (ibid.
1258 3381 1432 3461 XXII,
1480 3405 1545 3473 p.
1599 3381 1728 3450 144
1764 3381 1934 3472 seq.)
1976 3379 2100 3450 etsi
2152 3403 2285 3450 non
2327 3381 2537 3473 plane
2558 3382 2864 3448 assensus

681 3488 803 3568 est‘,
854 3488 935 3556 ab
966 3489 1108 3578 ejus
1139 3495 1358 3558 tamen
1407 3491 1729 3561 sententia
1772 3492 1996 3559 minus
2024 3491 2378 3559 abhorrere
2423 3488 2863 3579 seprofessus

683 3600 782 3662 est
819 3588 1234 3683 MerguetiuS,
1269 3594 1385 3685 qui
1415 3595 1641 3686 prius¹
1676 3594 2107 3687 argumentiS‚
2133 3595 2375 3686 partim
2404 3595 2638 3679 iisdem
2672 3600 2865 3683 atque

681 3696 861 3771 nunc
897 3724 1041 3792 ego,
1080 3703 1320 3794 partim
1352 3703 1524 3785 aliis,
1561 3700 1939 3775 universam
1976 3703 2453 3774 doctrinamde
2486 3702 2865 3793 compositis

679 3809 860 3879 verbi
891 3810 1122 3879 formis
1168 3810 1689 3903 impugnaverat.
1732 3817 1855 3885 Sed
1885 3835 1967 3884 ne
2006 3836 2080 3883 ea
2110 3813 2377 3903 quidem
2416 3811 2521 3881 via
2556 3810 2867 3881 omnibus

685 3918 1192 3988 difficultatibus
1221 3922 1619 3991 occurritur.
2255 4010 2260 4015 ι
2628 3973 2633 3981 .
2788 3936 2795 3945 ’

769 4026 954 4106 Nam,
1025 4026 1200 4119 quod
1274 4029 1356 4098 ad
1428 4030 1643 4122 ipsam
1712 4029 2257 4123 compositionem
2332 4028 2594 4115 attinet,
2664 4028 2869 4100 fateor

685 4142 816 4205 non
870 4136 1262 4206 insolentem
1321 4161 1465 4209 esse
1520 4139 1590 4235 in
1650 4140 1781 4209 fine
1839 4123 2357 4230 compositorum
2393 4136 2692 4207 'radicem
2748 4156 2870 4207 nu-

741 4360 788 4427 1.
825 4364 1187 4445 viae‘sfipi'sap.
1212 4354 1415 4441 20·‚11ot'.
1444 4372 1506 4429 1(
1539 4374 1542 4379 ’
1575 4355 1579 4360 ⁴
1613 4363 1643 4399 J
1731 4356 1771 4381 Η
