<?xml version="1.0" encoding="UTF-8"?>
<!DOCTYPE html PUBLIC "-//W3C//DTD XHTML 1.0 Transitional//EN"
    "http://www.w3.org/TR/xhtml1/DTD/xhtml1-transitional.dtd">
<html xmlns="http://www.w3.org/1999/xhtml" xml:lang="en" lang="en">
 <head>
  <title>
</title>
<meta http-equiv="Content-Type" content="text/html;charset=utf-8" />
  <meta name='ocr-system' content='tesseract 3.04.00' />
  <meta name='ocr-capabilities' content='ocr_page ocr_carea ocr_par ocr_line ocrx_word'/>
</head>
<body>
  <div class='ocr_page' id='page_1' title='image "./deconjunctiviet00berggoog_0101.png"; bbox 0 0 3234 5150; ppageno 0'>
   <div class='ocr_carea' id='block_1_1' title="bbox 1348 447 1626 502">
    <p class='ocr_par' dir='ltr' id='par_1_1' title="bbox 1348 447 1626 502">
     <span class='ocr_line' id='line_1_1' title="bbox 1348 447 1626 502; baseline -0.011 -10"><span class='ocrx_word' id='word_1_1' title='bbox 1348 447 1626 502; x_wconf 64' lang='grc' dir='ltr'>-8ν,..</span> 
     </span>
    </p>
   </div>
   <div class='ocr_carea' id='block_1_2' title="bbox 260 573 2578 4419">
    <p class='ocr_par' dir='ltr' id='par_1_2' title="bbox 360 573 2578 3445">
     <span class='ocr_line' id='line_1_2' title="bbox 442 573 2576 666; baseline 0 -23"><span class='ocrx_word' id='word_1_2' title='bbox 442 607 449 614; x_wconf 82' lang='grc'><em>·</em></span> <span class='ocrx_word' id='word_1_3' title='bbox 486 575 669 643; x_wconf 84' lang='lat' dir='ltr'>Haud</span> <span class='ocrx_word' id='word_1_4' title='bbox 701 575 983 644; x_wconf 88' lang='lat' dir='ltr'>absurda</span> <span class='ocrx_word' id='word_1_5' title='bbox 1017 574 1291 666; x_wconf 85' lang='lat' dir='ltr'>quidem</span> <span class='ocrx_word' id='word_1_6' title='bbox 1316 575 1457 642; x_wconf 82' lang='lat' dir='ltr'>haec</span> <span class='ocrx_word' id='word_1_7' title='bbox 1486 575 1934 664; x_wconf 80' lang='lat' dir='ltr'>interpretatio</span> <span class='ocrx_word' id='word_1_8' title='bbox 1971 574 2250 648; x_wconf 88' lang='lat' dir='ltr'>videtur.</span> <span class='ocrx_word' id='word_1_9' title='bbox 2275 573 2576 643; x_wconf 82' lang='lat' dir='ltr'>Animad-</span> 
     </span>
     <span class='ocr_line' id='line_1_3' title="bbox 396 682 2570 772; baseline -0 -22"><span class='ocrx_word' id='word_1_10' title='bbox 396 683 777 750; x_wconf 73' lang='lat' dir='ltr'>vertendum</span> <span class='ocrx_word' id='word_1_11' title='bbox 818 688 922 750; x_wconf 88' lang='lat' dir='ltr'>est</span> <span class='ocrx_word' id='word_1_12' title='bbox 973 687 1215 761; x_wconf 81' lang='lat' dir='ltr'>tamen,</span> <span class='ocrx_word' id='word_1_13' title='bbox 1278 683 1454 770; x_wconf 84' lang='lat' dir='ltr'>quod</span> <span class='ocrx_word' id='word_1_14' title='bbox 1493 682 1634 772; x_wconf 88' lang='lat' dir='ltr'>ipse</span> <span class='ocrx_word' id='word_1_15' title='bbox 1682 682 2114 750; x_wconf 80' lang='lat' dir='ltr'>Delbruckius</span> <span class='ocrx_word' id='word_1_16' title='bbox 2153 703 2274 763; x_wconf 85' lang='lat' dir='ltr'>nos</span> <span class='ocrx_word' id='word_1_17' title='bbox 2325 690 2570 762; x_wconf 88' lang='lat' dir='ltr'>monet,</span> 
     </span>
     <span class='ocr_line' id='line_1_4' title="bbox 395 776 2570 878; baseline -0.001 -22"><span class='ocrx_word' id='word_1_18' title='bbox 395 789 721 878; x_wconf 89' lang='lat' dir='ltr'>ejusmodi</span> <span class='ocrx_word' id='word_1_19' title='bbox 766 789 1103 857; x_wconf 85' lang='lat' dir='ltr'>sententiae</span> <span class='ocrx_word' id='word_1_20' title='bbox 1120 789 1658 864; x_wconf 47' lang='lat' dir='ltr'>,conformatione</span> <span class='ocrx_word' id='word_1_21' title='bbox 1696 788 1973 857; x_wconf 89' lang='lat' dir='ltr'>indicari</span> <span class='ocrx_word' id='word_1_22' title='bbox 2018 776 2570 856; x_wconf 88' lang='lat' dir='ltr'>vehementiorem</span> 
     </span>
     <span class='ocr_line' id='line_1_5' title="bbox 394 895 2570 986; baseline -0.002 -21"><span class='ocrx_word' id='word_1_23' title='bbox 394 899 749 986; x_wconf 79' lang='lat' dir='ltr'>quemdam</span> <span class='ocrx_word' id='word_1_24' title='bbox 802 896 1005 965; x_wconf 88' lang='lat' dir='ltr'>animi</span> <span class='ocrx_word' id='word_1_25' title='bbox 1054 903 1320 964; x_wconf 88' lang='lat' dir='ltr'>motum</span> <span class='ocrx_word' id='word_1_26' title='bbox 1388 897 1608 986; x_wconf 43' lang='lat' dir='ltr'>cujus.</span> <span class='ocrx_word' id='word_1_27' title='bbox 1643 917 1916 963; x_wconf 88' lang='lat' dir='ltr'>neeesse·</span> <span class='ocrx_word' id='word_1_28' title='bbox 1963 903 2060 962; x_wconf 89' lang='lat' dir='ltr'>est</span> <span class='ocrx_word' id='word_1_29' title='bbox 2111 895 2208 962; x_wconf 91' lang='lat' dir='ltr'>vis</span> <span class='ocrx_word' id='word_1_30' title='bbox 2253 895 2570 984; x_wconf 91' lang='lat' dir='ltr'>paulatim</span> 
     </span>
     <span class='ocr_line' id='line_1_6' title="bbox 392 1001 2570 1086; baseline -0 -16"><span class='ocrx_word' id='word_1_31' title='bbox 392 1004 649 1072; x_wconf 90' lang='lat' dir='ltr'>minuta</span> <span class='ocrx_word' id='word_1_32' title='bbox 696 1004 781 1072; x_wconf 89' lang='lat' dir='ltr'>sit</span> <span class='ocrx_word' id='word_1_33' title='bbox 831 1003 1035 1070; x_wconf 90' lang='lat' dir='ltr'>ut·ad</span> <span class='ocrx_word' id='word_1_34' title='bbox 1083 1025 1347 1071; x_wconf 90' lang='lat' dir='ltr'>meram·</span> <span class='ocrx_word' id='word_1_35' title='bbox 1393 1001 1835 1069; x_wconf 88' lang='lat' dir='ltr'>conditionem</span> <span class='ocrx_word' id='word_1_36' title='bbox 1867 1001 2331 1086; x_wconf 76' lang='lat' dir='ltr'>declarandam</span> <span class='ocrx_word' id='word_1_37' title='bbox 2365 1008 2570 1069; x_wconf 90' lang='lat' dir='ltr'>trans-</span> 
     </span>
     <span class='ocr_line' id='line_1_7' title="bbox 390 1107 2564 1198; baseline 0.001 -24"><span class='ocrx_word' id='word_1_38' title='bbox 390 1108 535 1176; x_wconf 89' lang='lat' dir='ltr'>iret.</span> <span class='ocrx_word' id='word_1_39' title='bbox 596 1109 665 1175; x_wconf 93' lang='lat' dir='ltr'>Id</span> <span class='ocrx_word' id='word_1_40' title='bbox 714 1108 1003 1198; x_wconf 84' lang='lat' dir='ltr'>profecto</span> <span class='ocrx_word' id='word_1_41' title='bbox 1055 1109 1126 1176; x_wconf 92' lang='lat' dir='ltr'>in</span> <span class='ocrx_word' id='word_1_42' title='bbox 1175 1109 1653 1178; x_wconf 87' lang='lat' dir='ltr'>recentioribus</span> <span class='ocrx_word' id='word_1_43' title='bbox 1725 1107 1972 1197; x_wconf 90' lang='lat' dir='ltr'>linguis</span> <span class='ocrx_word' id='word_1_44' title='bbox 2032 1107 2174 1176; x_wconf 84' lang='lat' dir='ltr'>fieri</span> <span class='ocrx_word' id='word_1_45' title='bbox 2197 1173 2214 1194; x_wconf 73' lang='lat'>‚</span> <span class='ocrx_word' id='word_1_46' title='bbox 2241 1108 2564 1188; x_wconf 84' lang='lat' dir='ltr'>videmuS,</span> 
     </span>
     <span class='ocr_line' id='line_1_8' title="bbox 391 1211 2566 1304; baseline 0.001 -24"><span class='ocrx_word' id='word_1_47' title='bbox 391 1215 752 1304; x_wconf 85' lang='lat' dir='ltr'>praesertim</span> <span class='ocrx_word' id='word_1_48' title='bbox 807 1215 877 1284; x_wconf 92' lang='lat' dir='ltr'>in</span> <span class='ocrx_word' id='word_1_49' title='bbox 932 1215 1327 1285; x_wconf 88' lang='lat' dir='ltr'>didascalico</span> <span class='ocrx_word' id='word_1_50' title='bbox 1374 1223 1437 1284; x_wconf 92' lang='lat' dir='ltr'>et</span> <span class='ocrx_word' id='word_1_51' title='bbox 1479 1215 1550 1282; x_wconf 91' lang='lat' dir='ltr'>in</span> <span class='ocrx_word' id='word_1_52' title='bbox 1608 1214 1893 1292; x_wconf 90' lang='lat' dir='ltr'>oratorio</span> <span class='ocrx_word' id='word_1_53' title='bbox 1940 1213 2197 1303; x_wconf 86' lang='lat' dir='ltr'>genere.</span> <span class='ocrx_word' id='word_1_54' title='bbox 2249 1211 2372 1282; x_wconf 85' lang='lat' dir='ltr'>Sed</span> <span class='ocrx_word' id='word_1_55' title='bbox 2411 1213 2566 1282; x_wconf 89' lang='lat' dir='ltr'>fuis-</span> 
     </span>
     <span class='ocr_line' id='line_1_9' title="bbox 391 1305 2568 1410; baseline 0 -22"><span class='ocrx_word' id='word_1_56' title='bbox 391 1327 489 1388; x_wconf 81' lang='lat' dir='ltr'>set</span> <span class='ocrx_word' id='word_1_57' title='bbox 542 1321 681 1389; x_wconf 84' lang='lat' dir='ltr'>haec</span> <span class='ocrx_word' id='word_1_58' title='bbox 723 1321 851 1400; x_wconf 88' lang='lat' dir='ltr'>via,</span> <span class='ocrx_word' id='word_1_59' title='bbox 898 1343 1026 1410; x_wconf 88' lang='lat' dir='ltr'>qua</span> <span class='ocrx_word' id='word_1_60' title='bbox 1076 1339 1295 1390; x_wconf 90' lang='lat' dir='ltr'>sermo</span> <span class='ocrx_word' id='word_1_61' title='bbox 1352 1321 1666 1410; x_wconf 88' lang='lat' dir='ltr'>antiquus</span> <span class='ocrx_word' id='word_1_62' title='bbox 1717 1320 2051 1389; x_wconf 89' lang='lat' dir='ltr'>notionem</span> <span class='ocrx_word' id='word_1_63' title='bbox 2092 1305 2568 1390; x_wconf 75' lang='lat' dir='ltr'>tam‘necessa-</span> 
     </span>
     <span class='ocr_line' id='line_1_10' title="bbox 390 1427 2564 1518; baseline 0.001 -24"><span class='ocrx_word' id='word_1_64' title='bbox 390 1427 557 1496; x_wconf 90' lang='lat' dir='ltr'>riam</span> <span class='ocrx_word' id='word_1_65' title='bbox 602 1427 1016 1517; x_wconf 82' lang='lat' dir='ltr'>exprimeret,</span> <span class='ocrx_word' id='word_1_66' title='bbox 1060 1428 1257 1518; x_wconf 91' lang='lat' dir='ltr'>paulo</span> <span class='ocrx_word' id='word_1_67' title='bbox 1284 1428 1565 1518; x_wconf 86' lang='lat' dir='ltr'>longior,</span> <span class='ocrx_word' id='word_1_68' title='bbox 1604 1435 1681 1496; x_wconf 91' lang='lat' dir='ltr'>ut</span> <span class='ocrx_word' id='word_1_69' title='bbox 1730 1427 1895 1495; x_wconf 91' lang='lat' dir='ltr'>mihi</span> <span class='ocrx_word' id='word_1_70' title='bbox 1930 1427 2212 1512; x_wconf 85' lang='lat' dir='ltr'>videtur,</span> <span class='ocrx_word' id='word_1_71' title='bbox 2245 1434 2309 1496; x_wconf 92' lang='lat' dir='ltr'>et</span> <span class='ocrx_word' id='word_1_72' title='bbox 2359 1449 2564 1496; x_wconf 90' lang='lat' dir='ltr'>remo-</span> 
     </span>
     <span class='ocr_line' id='line_1_11' title="bbox 388 1530 2566 1614; baseline 0.001 -14"><span class='ocrx_word' id='word_1_73' title='bbox 388 1530 539 1600; x_wconf 87' lang='lat' dir='ltr'>tior.</span> <span class='ocrx_word' id='word_1_74' title='bbox 575 1533 711 1600; x_wconf 90' lang='lat' dir='ltr'>Imo</span> <span class='ocrx_word' id='word_1_75' title='bbox 748 1533 976 1605; x_wconf 86' lang='lat' dir='ltr'>eadem</span> <span class='ocrx_word' id='word_1_76' title='bbox 1010 1534 1138 1614; x_wconf 91' lang='lat' dir='ltr'>via,</span> <span class='ocrx_word' id='word_1_77' title='bbox 1174 1535 1229 1602; x_wconf 91' lang='lat' dir='ltr'>si</span> <span class='ocrx_word' id='word_1_78' title='bbox 1260 1535 1650 1604; x_wconf 90' lang='lat' dir='ltr'>Delhruckio</span> <span class='ocrx_word' id='word_1_79' title='bbox 1682 1533 2127 1609; x_wconf 82' lang='lat' dir='ltr'>crederemus,</span> <span class='ocrx_word' id='word_1_80' title='bbox 2152 1534 2234 1601; x_wconf 92' lang='lat' dir='ltr'>ad</span> <span class='ocrx_word' id='word_1_81' title='bbox 2259 1533 2566 1603; x_wconf 89' lang='lat' dir='ltr'>similitu-</span> 
     </span>
     <span class='ocr_line' id='line_1_12' title="bbox 387 1638 2560 1730; baseline 0.002 -25"><span class='ocrx_word' id='word_1_82' title='bbox 387 1638 577 1707; x_wconf 87' lang='lat' dir='ltr'>dines</span> <span class='ocrx_word' id='word_1_83' title='bbox 605 1640 1067 1730; x_wconf 86' lang='lat' dir='ltr'>exprimendas</span> <span class='ocrx_word' id='word_1_84' title='bbox 1097 1664 1314 1710; x_wconf 89' lang='lat' dir='ltr'>sermo</span> <span class='ocrx_word' id='word_1_85' title='bbox 1343 1641 1740 1720; x_wconf 87' lang='lat' dir='ltr'>transiisset,</span> <span class='ocrx_word' id='word_1_86' title='bbox 1764 1639 1922 1708; x_wconf 89' lang='lat' dir='ltr'>utin</span> <span class='ocrx_word' id='word_1_87' title='bbox 1952 1641 2078 1708; x_wconf 92' lang='lat' dir='ltr'>hoc</span> <span class='ocrx_word' id='word_1_88' title='bbox 2111 1641 2286 1708; x_wconf 91' lang='lat' dir='ltr'>loco:</span> <span class='ocrx_word' id='word_1_89' title='bbox 2312 1651 2384 1722; x_wconf 83' lang='lat' dir='ltr'>N,</span> <span class='ocrx_word' id='word_1_90' title='bbox 2407 1643 2560 1719; x_wconf 85' lang='lat'>178,</span> 
     </span>
     <span class='ocr_line' id='line_1_13' title="bbox 390 1737 2578 1846; baseline 0 -30"><span class='ocrx_word' id='word_1_91' title='bbox 390 1747 459 1816; x_wconf 66' lang='lat'>²0</span> <span class='ocrx_word' id='word_1_92' title='bbox 489 1747 541 1815; x_wconf 84' lang='grc' dir='ltr'>δ’</span> <span class='ocrx_word' id='word_1_93' title='bbox 566 1747 687 1818; x_wconf 76' lang='grc' dir='ltr'><strong>αὖτ’</strong></span> <span class='ocrx_word' id='word_1_94' title='bbox 720 1755 943 1827; x_wconf 83' lang='grc' dir='ltr'>ἔπεσεν,</span> <span class='ocrx_word' id='word_1_95' title='bbox 976 1758 1146 1834; x_wconf 78' lang='grc' dir='ltr'><strong>μελίη</strong></span> <span class='ocrx_word' id='word_1_96' title='bbox 1176 1760 1277 1829; x_wconf 84' lang='grc' dir='ltr'>ὥς,</span> <span class='ocrx_word' id='word_1_97' title='bbox 1314 1751 1403 1836; x_wconf 81' lang='grc' dir='ltr'>ἥτ’</span> <span class='ocrx_word' id='word_1_98' title='bbox 1432 1756 1593 1838; x_wconf 76' lang='grc' dir='ltr'>’ὄρεος</span> <span class='ocrx_word' id='word_1_99' title='bbox 1619 1761 1828 1838; x_wconf 80' lang='grc' dir='ltr'>κορυφῇ</span> <span class='ocrx_word' id='word_1_100' title='bbox 1861 1757 2062 1816; x_wconf 79' lang='grc' dir='ltr'>ἕκαθεν</span> <span class='ocrx_word' id='word_1_101' title='bbox 2094 1737 2578 1846; x_wconf 28' lang='grc' dir='ltr'>περιφαινόμὲνοιο,</span> 
     </span>
     <span class='ocr_line' id='line_1_14' title="bbox 382 1855 2562 1947; baseline 0.001 -24"><span class='ocrx_word' id='word_1_102' title='bbox 382 1863 589 1944; x_wconf 79' lang='grc' dir='ltr'>χαλκῷ</span> <span class='ocrx_word' id='word_1_103' title='bbox 618 1866 931 1942; x_wconf 82' lang='grc' dir='ltr'>ταμνομένη</span> <span class='ocrx_word' id='word_1_104' title='bbox 960 1867 1157 1947; x_wconf 81' lang='grc' dir='ltr'>τέρενα</span> <span class='ocrx_word' id='word_1_105' title='bbox 1182 1865 1341 1944; x_wconf 80' lang='grc' dir='ltr'>χθονὶ</span> <span class='ocrx_word' id='word_1_106' title='bbox 1372 1855 1561 1946; x_wconf 74' lang='grc' dir='ltr'>φῦλλα</span> <span class='ocrx_word' id='word_1_107' title='bbox 1582 1865 1861 1946; x_wconf 82' lang='grc' dir='ltr'>πελάσσῃ.</span> <span class='ocrx_word' id='word_1_108' title='bbox 1883 1856 1996 1924; x_wconf 85' lang='lat' dir='ltr'>Hic</span> <span class='ocrx_word' id='word_1_109' title='bbox 2021 1877 2097 1924; x_wconf 83' lang='lat' dir='ltr'>ea</span> <span class='ocrx_word' id='word_1_110' title='bbox 2127 1855 2224 1923; x_wconf 88' lang='lat' dir='ltr'>vis</span> <span class='ocrx_word' id='word_1_111' title='bbox 2248 1857 2562 1944; x_wconf 54' lang='lat' dir='ltr'>conjunc?</span> 
     </span>
     <span class='ocr_line' id='line_1_15' title="bbox 381 1963 2560 2054; baseline -0 -21"><span class='ocrx_word' id='word_1_112' title='bbox 381 1965 755 2034; x_wconf 82' lang='lat' dir='ltr'>tivi-fuisset</span> <span class='ocrx_word' id='word_1_113' title='bbox 792 1965 1346 2054; x_wconf 80' lang='lat' dir='ltr'>utcogitationem</span> <span class='ocrx_word' id='word_1_114' title='bbox 1378 1964 1698 2033; x_wconf 87' lang='lat' dir='ltr'>auditoris</span> <span class='ocrx_word' id='word_1_115' title='bbox 1733 1963 2036 2032; x_wconf 86' lang='lat' dir='ltr'>incitaret</span> <span class='ocrx_word' id='word_1_116' title='bbox 2067 1965 2157 2053; x_wconf 88' lang='lat' dir='ltr'>(p.</span> <span class='ocrx_word' id='word_1_117' title='bbox 2188 1965 2327 2052; x_wconf 83' lang='lat'>44),</span> <span class='ocrx_word' id='word_1_118' title='bbox 2352 1986 2560 2053; x_wconf 89' lang='lat' dir='ltr'>quum</span> 
     </span>
     <span class='ocr_line' id='line_1_16' title="bbox 381 2069 2561 2161; baseline -0 -23"><span class='ocrx_word' id='word_1_119' title='bbox 381 2090 659 2159; x_wconf 88' lang='lat' dir='ltr'>persona</span> <span class='ocrx_word' id='word_1_120' title='bbox 692 2072 969 2160; x_wconf 89' lang='lat' dir='ltr'>loquens</span> <span class='ocrx_word' id='word_1_121' title='bbox 990 2094 1143 2139; x_wconf 90' lang='lat' dir='ltr'>eum</span> <span class='ocrx_word' id='word_1_122' title='bbox 1168 2072 1428 2161; x_wconf 87' lang='lat' dir='ltr'>juberet</span> <span class='ocrx_word' id='word_1_123' title='bbox 1455 2071 1813 2160; x_wconf 88' lang='lat' dir='ltr'>imaginem</span> <span class='ocrx_word' id='word_1_124' title='bbox 1842 2070 1967 2138; x_wconf 88' lang='lat' dir='ltr'>sibi</span> <span class='ocrx_word' id='word_1_125' title='bbox 1992 2076 2140 2138; x_wconf 89' lang='lat' dir='ltr'>ante</span> <span class='ocrx_word' id='word_1_126' title='bbox 2169 2069 2394 2137; x_wconf 89' lang='lat' dir='ltr'>oculos</span> <span class='ocrx_word' id='word_1_127' title='bbox 2417 2093 2561 2160; x_wconf 90' lang='lat' dir='ltr'>pro-</span> 
     </span>
     <span class='ocr_line' id='line_1_17' title="bbox 380 2176 2558 2268; baseline 0 -24"><span class='ocrx_word' id='word_1_128' title='bbox 380 2199 643 2267; x_wconf 85' lang='lat' dir='ltr'>ponere.</span> <span class='ocrx_word' id='word_1_129' title='bbox 690 2179 867 2246; x_wconf 87' lang='lat' dir='ltr'>Mitto</span> <span class='ocrx_word' id='word_1_130' title='bbox 907 2179 1101 2266; x_wconf 43' lang='lat' dir='ltr'>‚quod</span> <span class='ocrx_word' id='word_1_131' title='bbox 1147 2201 1280 2246; x_wconf 91' lang='lat' dir='ltr'>non</span> <span class='ocrx_word' id='word_1_132' title='bbox 1322 2179 1584 2246; x_wconf 90' lang='lat' dir='ltr'>auditor</span> <span class='ocrx_word' id='word_1_133' title='bbox 1635 2177 1989 2268; x_wconf 87' lang='lat' dir='ltr'>imaginem</span> <span class='ocrx_word' id='word_1_134' title='bbox 2029 2176 2156 2244; x_wconf 86' lang='lat' dir='ltr'>sihi</span> <span class='ocrx_word' id='word_1_135' title='bbox 2195 2197 2558 2265; x_wconf 88' lang='lat' dir='ltr'>proponere</span> 
     </span>
     <span class='ocr_line' id='line_1_18' title="bbox 370 2281 2550 2375; baseline 0 -23"><span class='ocrx_word' id='word_1_136' title='bbox 370 2285 740 2373; x_wconf 82' lang='lat' dir='ltr'>juberetur,</span> <span class='ocrx_word' id='word_1_137' title='bbox 806 2286 919 2354; x_wconf 90' lang='lat' dir='ltr'>sed</span> <span class='ocrx_word' id='word_1_138' title='bbox 976 2285 1119 2375; x_wconf 87' lang='lat' dir='ltr'>ipsa</span> <span class='ocrx_word' id='word_1_139' title='bbox 1184 2285 1595 2374; x_wconf 77' lang='lat' dir='ltr'>imagosese</span> <span class='ocrx_word' id='word_1_140' title='bbox 1657 2283 1976 2352; x_wconf 89' lang='lat' dir='ltr'>auditoris</span> <span class='ocrx_word' id='word_1_141' title='bbox 2036 2283 2247 2350; x_wconf 90' lang='lat' dir='ltr'>oculis</span> <span class='ocrx_word' id='word_1_142' title='bbox 2291 2281 2550 2352; x_wconf 86' lang='lat' dir='ltr'>offerre.</span> 
     </span>
     <span class='ocr_line' id='line_1_19' title="bbox 376 2389 2550 2481; baseline 0.001 -24"><span class='ocrx_word' id='word_1_143' title='bbox 376 2391 625 2459; x_wconf 82' lang='lat' dir='ltr'>Videris</span> <span class='ocrx_word' id='word_1_144' title='bbox 648 2398 1103 2481; x_wconf 85' lang='lat' dir='ltr'>autemquam</span> <span class='ocrx_word' id='word_1_145' title='bbox 1130 2392 1551 2460; x_wconf 90' lang='lat' dir='ltr'>recondita-et</span> <span class='ocrx_word' id='word_1_146' title='bbox 1578 2390 1904 2480; x_wconf 87' lang='lat' dir='ltr'>exquisita</span> <span class='ocrx_word' id='word_1_147' title='bbox 1935 2389 2022 2458; x_wconf 88' lang='lat' dir='ltr'>sit</span> <span class='ocrx_word' id='word_1_148' title='bbox 2048 2390 2386 2459; x_wconf 86' lang='lat' dir='ltr'>sententiae</span> <span class='ocrx_word' id='word_1_149' title='bbox 2415 2397 2550 2460; x_wconf 87' lang='lat' dir='ltr'>tam</span> 
     </span>
     <span class='ocr_line' id='line_1_20' title="bbox 374 2486 2546 2588; baseline 0 -24"><span class='ocrx_word' id='word_1_150' title='bbox 374 2496 695 2588; x_wconf 87' lang='lat' dir='ltr'>simplicis</span> <span class='ocrx_word' id='word_1_151' title='bbox 751 2497 1235 2587; x_wconf 86' lang='lat' dir='ltr'>interpretatio.</span> <span class='ocrx_word' id='word_1_152' title='bbox 1306 2498 1622 2565; x_wconf 88' lang='lat' dir='ltr'>Praeterea</span> <span class='ocrx_word' id='word_1_153' title='bbox 1687 2486 2013 2587; x_wconf 80' lang='lat' dir='ltr'>priorem,</span> <span class='ocrx_word' id='word_1_154' title='bbox 2073 2495 2187 2586; x_wconf 90' lang='lat' dir='ltr'>qui</span> <span class='ocrx_word' id='word_1_155' title='bbox 2251 2496 2546 2584; x_wconf 87' lang='lat' dir='ltr'>fingitur,</span> 
     </span>
     <span class='ocr_line' id='line_1_21' title="bbox 372 2604 2546 2695; baseline 0.001 -22"><span class='ocrx_word' id='word_1_156' title='bbox 372 2606 771 2695; x_wconf 88' lang='lat' dir='ltr'>conjunctivi</span> <span class='ocrx_word' id='word_1_157' title='bbox 809 2627 1101 2695; x_wconf 40' lang='lat' dir='ltr'>‚sensum</span> <span class='ocrx_word' id='word_1_158' title='bbox 1157 2605 1227 2673; x_wconf 90' lang='lat' dir='ltr'>in</span> <span class='ocrx_word' id='word_1_159' title='bbox 1272 2605 1555 2676; x_wconf 86' lang='lat' dir='ltr'>maxime</span> <span class='ocrx_word' id='word_1_160' title='bbox 1583 2606 1944 2695; x_wconf 85' lang='lat' dir='ltr'>longinqua</span> <span class='ocrx_word' id='word_1_161' title='bbox 1990 2604 2392 2693; x_wconf 53' lang='lat' dir='ltr'>antiquitate,</span> <span class='ocrx_word' id='word_1_162' title='bbox 2415 2627 2546 2675; x_wconf 90' lang='lat' dir='ltr'>non</span> 
     </span>
     <span class='ocr_line' id='line_1_22' title="bbox 372 2700 2542 2802; baseline 0 -22"><span class='ocrx_word' id='word_1_163' title='bbox 372 2713 705 2781; x_wconf 86' lang='lat' dir='ltr'>minutum</span> <span class='ocrx_word' id='word_1_164' title='bbox 739 2713 959 2792; x_wconf 90' lang='lat' dir='ltr'>mod0‚</span> <span class='ocrx_word' id='word_1_165' title='bbox 1016 2712 1131 2780; x_wconf 91' lang='lat' dir='ltr'>sed</span> <span class='ocrx_word' id='word_1_166' title='bbox 1172 2712 1439 2780; x_wconf 89' lang='lat' dir='ltr'>omnino</span> <span class='ocrx_word' id='word_1_167' title='bbox 1481 2711 1903 2781; x_wconf 88' lang='lat' dir='ltr'>obliteratum</span> <span class='ocrx_word' id='word_1_168' title='bbox 1953 2710 2158 2780; x_wconf 90' lang='lat' dir='ltr'>fuisse</span> <span class='ocrx_word' id='word_1_169' title='bbox 2192 2700 2542 2802; x_wconf 84' lang='lat' dir='ltr'>oporteret,</span> 
     </span>
     <span class='ocr_line' id='line_1_23' title="bbox 374 2818 2544 2910; baseline -0 -22"><span class='ocrx_word' id='word_1_170' title='bbox 374 2827 444 2888; x_wconf 90' lang='lat' dir='ltr'>ut</span> <span class='ocrx_word' id='word_1_171' title='bbox 498 2818 909 2910; x_wconf 89' lang='lat' dir='ltr'>pronominis</span> <span class='ocrx_word' id='word_1_172' title='bbox 966 2818 1222 2909; x_wconf 83' lang='lat' dir='ltr'>relativi</span> <span class='ocrx_word' id='word_1_173' title='bbox 1269 2827 1383 2887; x_wconf 88' lang='lat' dir='ltr'>aut</span> <span class='ocrx_word' id='word_1_174' title='bbox 1442 2818 2012 2908; x_wconf 86' lang='lat' dir='ltr'>conjunctivarum</span> <span class='ocrx_word' id='word_1_175' title='bbox 2068 2818 2544 2907; x_wconf 88' lang='lat' dir='ltr'>particularum</span> 
     </span>
     <span class='ocr_line' id='line_1_24' title="bbox 368 2925 2542 3017; baseline -0.001 -22"><span class='ocrx_word' id='word_1_176' title='bbox 368 2948 532 2996; x_wconf 79' lang='lat' dir='ltr'>usus</span> <span class='ocrx_word' id='word_1_177' title='bbox 556 2928 625 2994; x_wconf 91' lang='lat' dir='ltr'>in</span> <span class='ocrx_word' id='word_1_178' title='bbox 649 2926 977 3017; x_wconf 88' lang='lat' dir='ltr'>ejusmodi</span> <span class='ocrx_word' id='word_1_179' title='bbox 1004 2925 1343 2995; x_wconf 87' lang='lat' dir='ltr'>sententiis</span> <span class='ocrx_word' id='word_1_180' title='bbox 1371 2926 1660 3015; x_wconf 84' lang='lat' dir='ltr'>incipere</span> <span class='ocrx_word' id='word_1_181' title='bbox 1687 2931 1751 2993; x_wconf 92' lang='lat' dir='ltr'>et</span> <span class='ocrx_word' id='word_1_182' title='bbox 1779 2925 2249 2993; x_wconf 90' lang='lat' dir='ltr'>inveterascere</span> <span class='ocrx_word' id='word_1_183' title='bbox 2299 2934 2542 3014; x_wconf 90' lang='lat' dir='ltr'>posset.</span> 
     </span>
     <span class='ocr_line' id='line_1_25' title="bbox 364 3032 2538 3122; baseline 0.001 -22"><span class='ocrx_word' id='word_1_184' title='bbox 364 3032 684 3101; x_wconf 86' lang='lat' dir='ltr'>Ultimum</span> <span class='ocrx_word' id='word_1_185' title='bbox 716 3040 815 3102; x_wconf 88' lang='lat' dir='ltr'>est</span> <span class='ocrx_word' id='word_1_186' title='bbox 849 3055 981 3122; x_wconf 91' lang='lat' dir='ltr'>quo</span> <span class='ocrx_word' id='word_1_187' title='bbox 1019 3032 1423 3122; x_wconf 85' lang='lat' dir='ltr'>propositam</span> <span class='ocrx_word' id='word_1_188' title='bbox 1470 3032 2079 3121; x_wconf 87' lang='lat' dir='ltr'>interpretationem</span> <span class='ocrx_word' id='word_1_189' title='bbox 2131 3032 2538 3121; x_wconf 90' lang='lat' dir='ltr'>impugnem,</span> 
     </span>
     <span class='ocr_line' id='line_1_26' title="bbox 365 3139 2544 3231; baseline 0 -23"><span class='ocrx_word' id='word_1_190' title='bbox 365 3141 577 3231; x_wconf 85' lang='lat' dir='ltr'>ipsius</span> <span class='ocrx_word' id='word_1_191' title='bbox 612 3141 983 3209; x_wconf 89' lang='lat' dir='ltr'>Delbruckii</span> <span class='ocrx_word' id='word_1_192' title='bbox 1012 3140 1343 3229; x_wconf 82' lang='lat' dir='ltr'>judicium</span> <span class='ocrx_word' id='word_1_193' title='bbox 1396 3140 1475 3207; x_wconf 89' lang='lat' dir='ltr'>de</span> <span class='ocrx_word' id='word_1_194' title='bbox 1531 3139 1872 3208; x_wconf 86' lang='lat' dir='ltr'>sententiis</span> <span class='ocrx_word' id='word_1_195' title='bbox 1918 3140 2216 3229; x_wconf 89' lang='lat' dir='ltr'>ejusdem</span> <span class='ocrx_word' id='word_1_196' title='bbox 2261 3140 2544 3230; x_wconf 90' lang='lat' dir='ltr'>descrip-</span> 
     </span>
     <span class='ocr_line' id='line_1_27' title="bbox 363 3245 2541 3337; baseline 0.001 -23"><span class='ocrx_word' id='word_1_197' title='bbox 363 3249 563 3317; x_wconf 90' lang='lat' dir='ltr'>tionis</span> <span class='ocrx_word' id='word_1_198' title='bbox 621 3248 687 3316; x_wconf 92' lang='lat' dir='ltr'>in</span> <span class='ocrx_word' id='word_1_199' title='bbox 742 3248 1012 3337; x_wconf 81' lang='lat' dir='ltr'>quibuS,</span> <span class='ocrx_word' id='word_1_200' title='bbox 1078 3268 1213 3316; x_wconf 92' lang='lat' dir='ltr'>non</span> <span class='ocrx_word' id='word_1_201' title='bbox 1258 3246 1743 3334; x_wconf 89' lang='lat' dir='ltr'>conjunctivus,</span> <span class='ocrx_word' id='word_1_202' title='bbox 1803 3245 1916 3313; x_wconf 90' lang='lat' dir='ltr'>sed</span> <span class='ocrx_word' id='word_1_203' title='bbox 1975 3247 2299 3335; x_wconf 89' lang='lat' dir='ltr'>optativus</span> <span class='ocrx_word' id='word_1_204' title='bbox 2357 3270 2541 3316; x_wconf 90' lang='lat' dir='ltr'>usur-</span> 
     </span>
     <span class='ocr_line' id='line_1_28' title="bbox 360 3365 2352 3445; baseline 0.005 -22"><span class='ocrx_word' id='word_1_205' title='bbox 360 3365 579 3445; x_wconf 86' lang='lat' dir='ltr'>patur.</span> <span class='ocrx_word' id='word_1_206' title='bbox 700 3422 705 3427; x_wconf 86' lang='grc'>,</span> <span class='ocrx_word' id='word_1_207' title='bbox 2347 3429 2352 3433; x_wconf 88' lang='grc'>.</span> 
     </span>
    </p>

    <p class='ocr_par' dir='ltr' id='par_1_3' title="bbox 260 3460 2543 4419">
     <span class='ocr_line' id='line_1_29' title="bbox 392 3460 2543 3551; baseline 0 -24"><span class='ocrx_word' id='word_1_208' title='bbox 392 3522 397 3527; x_wconf 91' lang='grc'>.</span> <span class='ocrx_word' id='word_1_209' title='bbox 438 3461 803 3531; x_wconf 82' lang='lat' dir='ltr'>Non-enim</span> <span class='ocrx_word' id='word_1_210' title='bbox 855 3483 1055 3550; x_wconf 90' lang='lat' dir='ltr'>quam</span> <span class='ocrx_word' id='word_1_211' title='bbox 1103 3460 1171 3528; x_wconf 91' lang='lat' dir='ltr'>in</span> <span class='ocrx_word' id='word_1_212' title='bbox 1215 3460 1297 3529; x_wconf 87' lang='lat' dir='ltr'>iis</span> <span class='ocrx_word' id='word_1_213' title='bbox 1344 3460 1611 3549; x_wconf 89' lang='lat' dir='ltr'>optativi</span> <span class='ocrx_word' id='word_1_214' title='bbox 1632 3460 1982 3550; x_wconf 65' lang='lat' dir='ltr'>{propriam</span> <span class='ocrx_word' id='word_1_215' title='bbox 2015 3482 2157 3529; x_wconf 90' lang='lat' dir='ltr'>esse</span> <span class='ocrx_word' id='word_1_216' title='bbox 2187 3460 2322 3527; x_wconf 91' lang='lat' dir='ltr'>vim</span> <span class='ocrx_word' id='word_1_217' title='bbox 2350 3462 2543 3551; x_wconf 89' lang='lat' dir='ltr'>profi-</span> 
     </span>
     <span class='ocr_line' id='line_1_30' title="bbox 360 3566 2541 3658; baseline 0 -21"><span class='ocrx_word' id='word_1_218' title='bbox 360 3576 561 3648; x_wconf 89' lang='lat' dir='ltr'>tetur,</span> <span class='ocrx_word' id='word_1_219' title='bbox 599 3590 835 3658; x_wconf 88' lang='lat' dir='ltr'>nempe</span> <span class='ocrx_word' id='word_1_220' title='bbox 862 3567 1293 3655; x_wconf 61' lang='lat' dir='ltr'>ut‚fictionem</span> <span class='ocrx_word' id='word_1_221' title='bbox 1318 3566 1693 3635; x_wconf 90' lang='lat' dir='ltr'>Germanice</span> <span class='ocrx_word' id='word_1_222' title='bbox 1731 3568 2073 3635; x_wconf 79' lang='lat' dir='ltr'>Annahme</span> <span class='ocrx_word' id='word_1_223' title='bbox 2101 3575 2424 3647; x_wconf 89' lang='lat' dir='ltr'>vocatam,</span> <span class='ocrx_word' id='word_1_224' title='bbox 2460 3570 2541 3637; x_wconf 87' lang='lat' dir='ltr'>si-</span> 
     </span>
     <span class='ocr_line' id='line_1_31' title="bbox 356 3668 2540 3766; baseline 0 -21"><span class='ocrx_word' id='word_1_225' title='bbox 356 3678 644 3766; x_wconf 89' lang='lat' dir='ltr'>gnificet,</span> <span class='ocrx_word' id='word_1_226' title='bbox 666 3697 808 3744; x_wconf 84' lang='lat' dir='ltr'>eam</span> <span class='ocrx_word' id='word_1_227' title='bbox 832 3668 867 3741; x_wconf 82' lang='lat' dir='ltr'>a</span> <span class='ocrx_word' id='word_1_228' title='bbox 890 3674 1199 3764; x_wconf 91' lang='lat' dir='ltr'>cupidine</span> <span class='ocrx_word' id='word_1_229' title='bbox 1230 3681 1345 3743; x_wconf 89' lang='lat' dir='ltr'>aut</span> <span class='ocrx_word' id='word_1_230' title='bbox 1373 3675 1747 3764; x_wconf 90' lang='lat' dir='ltr'>precatione</span> <span class='ocrx_word' id='word_1_231' title='bbox 1771 3675 2066 3755; x_wconf 88' lang='lat' dir='ltr'>derivare</span> <span class='ocrx_word' id='word_1_232' title='bbox 2089 3675 2346 3757; x_wconf 89' lang='lat' dir='ltr'>nititur,</span> <span class='ocrx_word' id='word_1_233' title='bbox 2369 3677 2540 3757; x_wconf 88' lang='lat' dir='ltr'>sicut</span> 
     </span>
     <span class='ocr_line' id='line_1_32' title="bbox 358 3788 2539 3880; baseline -0 -19"><span class='ocrx_word' id='word_1_234' title='bbox 358 3791 647 3861; x_wconf 84' lang='lat' dir='ltr'>similem</span> <span class='ocrx_word' id='word_1_235' title='bbox 687 3788 1093 3879; x_wconf 86' lang='lat' dir='ltr'>conjunctivi</span> <span class='ocrx_word' id='word_1_236' title='bbox 1119 3811 1318 3858; x_wconf 91' lang='lat' dir='ltr'>usum</span> <span class='ocrx_word' id='word_1_237' title='bbox 1350 3790 1431 3857; x_wconf 89' lang='lat' dir='ltr'>ab</span> <span class='ocrx_word' id='word_1_238' title='bbox 1471 3790 1841 3859; x_wconf 82' lang='lat' dir='ltr'>hortatione</span> <span class='ocrx_word' id='word_1_239' title='bbox 1869 3797 1981 3859; x_wconf 91' lang='lat' dir='ltr'>aut</span> <span class='ocrx_word' id='word_1_240' title='bbox 2000 3792 2195 3880; x_wconf 90' lang='lat' dir='ltr'>jussu</span> <span class='ocrx_word' id='word_1_241' title='bbox 2217 3790 2539 3860; x_wconf 88' lang='lat' dir='ltr'>derivave-</span> 
     </span>
     <span class='ocr_line' id='line_1_33' title="bbox 360 3894 2535 3986; baseline -0.001 -20"><span class='ocrx_word' id='word_1_242' title='bbox 360 3905 493 3976; x_wconf 89' lang='lat' dir='ltr'>rat;</span> <span class='ocrx_word' id='word_1_243' title='bbox 526 3898 647 3965; x_wconf 88' lang='lat' dir='ltr'>sed</span> <span class='ocrx_word' id='word_1_244' title='bbox 677 3896 961 3986; x_wconf 89' lang='lat' dir='ltr'>optativo</span> <span class='ocrx_word' id='word_1_245' title='bbox 996 3894 1103 3963; x_wconf 85' lang='lat' dir='ltr'>hic</span> <span class='ocrx_word' id='word_1_246' title='bbox 1127 3903 1202 3963; x_wconf 90' lang='lat' dir='ltr'>ut</span> <span class='ocrx_word' id='word_1_247' title='bbox 1233 3896 1301 3962; x_wconf 89' lang='lat' dir='ltr'>in</span> <span class='ocrx_word' id='word_1_248' title='bbox 1330 3896 1681 3986; x_wconf 85' lang='lat' dir='ltr'>praecipuis</span> <span class='ocrx_word' id='word_1_249' title='bbox 1703 3918 1834 3964; x_wconf 90' lang='lat' dir='ltr'>non</span> <span class='ocrx_word' id='word_1_250' title='bbox 1858 3894 2086 3986; x_wconf 89' lang='lat' dir='ltr'>paucis</span> <span class='ocrx_word' id='word_1_251' title='bbox 2115 3895 2286 3984; x_wconf 82' lang='lat' dir='ltr'>(vide</span> <span class='ocrx_word' id='word_1_252' title='bbox 2310 3896 2535 3985; x_wconf 89' lang='lat' dir='ltr'>supra)</span> 
     </span>
     <span class='ocr_line' id='line_1_34' title="bbox 260 4002 2538 4095; baseline 0 -23"><span class='ocrx_word' id='word_1_253' title='bbox 260 4063 275 4080; x_wconf 83' lang='lat'><strong>.</strong></span> <span class='ocrx_word' id='word_1_254' title='bbox 359 4007 530 4095; x_wconf 84' lang='lat' dir='ltr'>quod</span> <span class='ocrx_word' id='word_1_255' title='bbox 550 4007 703 4091; x_wconf 78' lang='lat' dir='ltr'>fieri</span> <span class='ocrx_word' id='word_1_256' title='bbox 723 4014 933 4091; x_wconf 78' lang='lat' dir='ltr'>potest</span> <span class='ocrx_word' id='word_1_257' title='bbox 948 4003 1267 4073; x_wconf 89' lang='lat' dir='ltr'>declarari</span> <span class='ocrx_word' id='word_1_258' title='bbox 1296 4004 1739 4093; x_wconf 69' lang='lat' dir='ltr'>existimat(p;</span> <span class='ocrx_word' id='word_1_259' title='bbox 1765 4004 1947 4092; x_wconf 76' lang='lat'>222).</span> <span class='ocrx_word' id='word_1_260' title='bbox 1980 4002 2402 4091; x_wconf 85' lang='lat' dir='ltr'>Conjunctivo</span> <span class='ocrx_word' id='word_1_261' title='bbox 2426 4025 2538 4073; x_wconf 87' lang='lat' dir='ltr'>au-</span> 
     </span>
     <span class='ocr_line' id='line_1_35' title="bbox 359 4109 2532 4199; baseline -0.002 -19"><span class='ocrx_word' id='word_1_262' title='bbox 359 4119 491 4180; x_wconf 89' lang='lat' dir='ltr'>tem</span> <span class='ocrx_word' id='word_1_263' title='bbox 522 4110 701 4179; x_wconf 91' lang='lat' dir='ltr'>haud</span> <span class='ocrx_word' id='word_1_264' title='bbox 742 4132 929 4178; x_wconf 91' lang='lat' dir='ltr'>secus</span> <span class='ocrx_word' id='word_1_265' title='bbox 965 4115 1159 4198; x_wconf 88' lang='lat' dir='ltr'>atque</span> <span class='ocrx_word' id='word_1_266' title='bbox 1196 4110 1491 4198; x_wconf 87' lang='lat' dir='ltr'>optativo</span> <span class='ocrx_word' id='word_1_267' title='bbox 1518 4111 1694 4199; x_wconf 91' lang='lat' dir='ltr'>quod</span> <span class='ocrx_word' id='word_1_268' title='bbox 1719 4110 1864 4178; x_wconf 87' lang='lat' dir='ltr'>fieri</span> <span class='ocrx_word' id='word_1_269' title='bbox 1892 4116 2105 4199; x_wconf 87' lang='lat' dir='ltr'>potest</span> <span class='ocrx_word' id='word_1_270' title='bbox 2131 4109 2532 4178; x_wconf 88' lang='lat' dir='ltr'>declaratum</span> 
     </span>
     <span class='ocr_line' id='line_1_36' title="bbox 360 4216 2538 4307; baseline -0.001 -21"><span class='ocrx_word' id='word_1_271' title='bbox 360 4240 503 4287; x_wconf 76' lang='lat' dir='ltr'>esse</span> <span class='ocrx_word' id='word_1_272' title='bbox 526 4219 666 4307; x_wconf 85' lang='lat' dir='ltr'>jam</span> <span class='ocrx_word' id='word_1_273' title='bbox 707 4217 1016 4284; x_wconf 89' lang='lat' dir='ltr'>vidimus.</span> <span class='ocrx_word' id='word_1_274' title='bbox 1056 4216 1291 4284; x_wconf 90' lang='lat' dir='ltr'>Imo-in</span> <span class='ocrx_word' id='word_1_275' title='bbox 1328 4216 1489 4307; x_wconf 86' lang='lat' dir='ltr'>ipsis</span> <span class='ocrx_word' id='word_1_276' title='bbox 1528 4219 1871 4305; x_wconf 81' lang='lat' dir='ltr'>prioribus</span> <span class='ocrx_word' id='word_1_277' title='bbox 1907 4216 2248 4297; x_wconf 86' lang='lat' dir='ltr'>sententiis</span> <span class='ocrx_word' id='word_1_278' title='bbox 2275 4216 2538 4304; x_wconf 80' lang='lat' dir='ltr'>agnovit</span> 
     </span>
     <span class='ocr_line' id='line_1_37' title="bbox 358 4322 2533 4419; baseline -0.001 -27"><span class='ocrx_word' id='word_1_279' title='bbox 358 4324 787 4393; x_wconf 87' lang='lat' dir='ltr'>Dclbruckius</span> <span class='ocrx_word' id='word_1_280' title='bbox 836 4325 925 4412; x_wconf 88' lang='lat' dir='ltr'>(p.</span> <span class='ocrx_word' id='word_1_281' title='bbox 960 4324 1073 4410; x_wconf 81' lang='lat'>67)</span> <span class='ocrx_word' id='word_1_282' title='bbox 1117 4324 1567 4411; x_wconf 83' lang='lat' dir='ltr'>conjunctivos</span> <span class='ocrx_word' id='word_1_283' title='bbox 1600 4324 1824 4391; x_wconf 83' lang='lat' dir='ltr'>futuro</span> <span class='ocrx_word' id='word_1_284' title='bbox 1851 4323 2209 4419; x_wconf 63' lang='lat' dir='ltr'>,proximos</span> <span class='ocrx_word' id='word_1_285' title='bbox 2225 4322 2533 4412; x_wconf 86' lang='lat' dir='ltr'>usurpari</span> 
     </span>
    </p>
   </div>
  </div>
 </body>
</html>
