3234 5150
538 4248 567 4275 Ο

1616 441 1893 495 -82-

660 571 1011 653 ἑρχομένοιο,
1038 573 1109 649 ἦν
1144 565 1205 652 χ’
1232 572 1364 650 ὑμῖν
1392 573 1537 651 σάφα
1572 569 1740 650 εἴπω,
1793 575 1902 635 ὅτε
1929 573 2200 656 πρότερός
2231 589 2316 653 γε·
2349 574 2647 652 πυθοίμην,
2683 589 2837 635 cum

660 671 925 763 optativi
976 694 1101 740 usu
1136 673 1205 740 in
1261 672 1772 763 interrogatione
1817 673 2156 754 collatum,
2203 675 2392 754 ibid„
2439 673 2550 754 50,
2589 673 2688 744 ’Hs'
2739 676 2841 744 τιν’

656 789 935 871 ἀγγελίην
953 792 1180 872 στρατοῦ
1202 787 1404 850 ἔκλυεν
1422 788 1747 872 ἐρχομένοιο
1768 792 1836 870 ἣν
1860 784 1920 871 χ’
1941 791 2080 870 ἡμῖν
2105 791 2249 870 σάφα
2269 787 2435 864 εἴποι,
2468 791 2560 852 ὅτε
2575 791 2842 873 πρότερός

656 921 725 982 γε
752 899 999 971 πύθοιτο,
1026 890 1108 960 ad
1122 893 1475 960 voluntatis
1498 892 1633 960 vim
1647 885 2032 962 Telemacho
2057 888 2518 961 declarandam
2553 898 2834 972 revocet,

655 1021 731 1071 eo
760 999 979 1093 potius
1008 1000 1364 1070 discrimen
1387 1001 1553 1069 mihi
1580 1009 1882 1071 constare
1905 1001 2163 1071 videtur
2187 1001 2268 1093 (si
2300 1003 2524 1072 minus
2551 1023 2586 1072 e
2612 1023 2836 1081 neces-

654 1109 1074 1180 sitate⁸metri
1113 1109 1181 1177 in
1215 1130 1529 1198 responso
1556 1114 1778 1176 ortum
1812 1109 1964 1198 est),
1997 1111 2172 1200 quod
2207 1108 2494 1200 optativo
2529 1109 2598 1176 in
2633 1109 2836 1178 inter-

651 1220 987 1310 rogatione
1016 1218 1267 1308 aliquid
1310 1217 1547 1286 urbani
1580 1218 1804 1287 subest
1842 1243 1856 1285 :
1893 1218 2006 1287 sed
2042 1219 2150 1288 hic
2185 1226 2283 1288 est
2328 1239 2554 1308 graecae
2587 1219 2834 1310 linguae

650 1329 833 1398 color
872 1329 952 1397 ad
984 1329 1209 1408 fictam
1257 1329 1605 1395 modorum
1657 1326 1726 1394 in
1771 1328 1997 1417 lingua
2037 1327 2356 1417 genitrice
2413 1327 2834 1396 dissimili-tu·

650 1435 873 1504 dinem
922 1457 1055 1504 non
1089 1437 1523 1504 revocandus.

734 1541 829 1607 Ad
872 1561 984 1608 eas
1010 1561 1207 1607 -nunc
1260 1539 1617 1608 sententias
1673 1545 2088 1607 transeamus
2138 1560 2284 1627 quae
2335 1537 2834 1630 interrogationi

646 1645 931 1736 obliquae
962 1647 1275 1736 proximae
1307 1653 1485 1726 sunt,
1524 1652 1598 1713 ut
1634 1645 2040 1725 sanseritica‚
2073 1648 2214 1730 Cat.
2251 1649 2366 1713 Br.
2405 1648 2512 1725 10,
2549 1649 2617 1728 4,
2654 1649 2719 1727 5,
2763 1651 2828 1726 7,

639 1761 703 1820 te
717 1757 1021 1822 hocuh—
1037 1757 1263 1844 tebhyo
1283 1764 1395 1822 vai
1414 1777 1537 1821 nas
1566 1761 1741 1820 tvdm
1767 1760 1882 1820 evei
1901 1755 2016 1820 cdd
2037 1755 2236 1820 brahi
2259 1757 2460 1842 ydtha
2475 1765 2536 1822 te
2557 1759 2839 1823 adr-vani

638 1865 922 1954 rapa'ny
964 1843 1503 1953 αραάάάὴᾱηιέὶὶ,
1560 1888 1592 1926 «
1616 1863 1928 1930 Dixerunt
1971 1886 1985 1928 :
2034 1861 2142 1930 His
2191 1862 2380 1930 nohis
2423 1870 2496 1931 tu
2536 1865 2661 1932 hoc
2698 1865 2830 1942 dic,

636 1971 965 2062 quomodo
991 1973 1239 2040 formas
1266 1978 1413 2040 tuas
1435 1993 1667 2039 omnes
1699 1971 1998 2040 colamus
2023 1996 2084 2050 »‚
2111 1975 2175 2038 et
2201 1991 2414 2059 graeca
2431 1972 2480 2050 Ι,
2506 1973 2658 2050 111,
2675 1971 2836 2041 Ἀλλ’

634 2087 715 2151 ἔτι
747 2087 841 2151 καὶ
863 2091 955 2151 νῦν
992 2087 1369 2172 φραζώμεσθ’,
1400 2089 1477 2163 ὥς
1515 2088 1612 2149 κέν
1649 2107 1739 2165 μιν
1773 2087 2132 2167 ἀρεσσάμενοι
2158 2087 2501 2165 πεπίθωμεν,
2534 2086 2648 2148 aut
2679 2102 2832 2148 cum

639 2191 1029 2283 pronomine
1080 2190 1353 2259 relativo
1388 2199 1466 2270 Η,
1510 2187 1663 2268 171,
1708 2197 1921 2278 Κλήρῳ
1965 2199 2054 2257 νῦν
2110 2196 2453 2275 πεπάλαχθε
2505 2197 2829 2279 διαμπερές,

642 2305 705 2377 ὃς
737 2327 805 2367 κε
835 2306 1101 2390 λάχῃσιν.
1131 2300 1539 2366 Postremum
1564 2296 1942 2385 exemplu-m
1975 2295 2668 2364 Delbruckius-eadem
2698 2297 2835 2366 fere

642 2407 897 2476 ratione
942 2407 1413 2497 interpretatur
1440 2412 1638 2496 atque
1690 2405 1890 2472 allata
1929 2425 2128 2494 supra
2167 2426 2321 2472 cum
2361 2403 2694 2494 praecipua
2721 2427 2834 2474 ne·-

642 2514 857 2604 gativa
892 2537 907 2582 ;
945 2513 1395 2584 «Sortenunc
1429 2513 1668 2605 agitate
1702 2511 1972 2583 omnino
2001 2512 2379 2603 (cujusdam
2421 2512 2688 2603 causa);
2721 2514 2834 2581 ille

643 2625 769 2693 hoc
798 2624 1072 2694 fortasse
1112 2625 1505 2693 sortietur.»
1534 2624 1759 2691 Nonne
1784 2622 1995 2694 multo
2035 2622 2246 2712 magis
2286 2621 2553 2691 obvium
2591 2628 2689 2691 est
2732 2623 2836 2691 de·

642 2732 1151 2801 monstrativum
1186 2739 1471 2813 tantum,
1512 2730 1786 2800 relativo
1831 2731 2244 2809 antecedens,
2274 2752 2641 2821 pronomen
2681 2730 2834 2799 suba

642 2840 893 2921 audire,
951 2840 1187 2909 «Sorte
1236 2863 1416 2910 nunc
1467 2824 1704 2931 agitate
1752 2839 1946 2908 illum
1995 2839 2110 2929 qui
2166 2840 2565 2920 sortiatur»,
2618 2860 2831 2929 quum

638 2949 1075 3039 conjunctivae
1115 2949 1457 3039 particulae
1496 2952 1888 3019 antecedens
1931 2970 2298 3039 pronomen
2331 2949 2402 3017 in
2451 2948 2836 3017 sanseritico

636 3058 959 3149 exemplo,
996 3079 1130 3127 non
1164 3058 1624 3140 subauditum,v
1664 3060 1778 3129 sed
1805 3080 2190 3148 expressum
2242 3058 2608 3127 habeamus
2642 3082 2674 3121 «
2720 3059 2834 3125 tad

638 3167 836 3233 brahi
863 3169 1253 3255 ydthc’z....»‚
1275 3172 1337 3235 et
1363 3189 1567 3257 quum
1591 3167 1661 3234 in
1683 3167 1816 3235 fere
1844 3165 2176 3235 similibus
2199 3165 2540 3236 sententiis
2559 3163 2832 3235 relativo

638 3274 1231 3343 demonstrativum
1312 3275 1695 3344 antecedere
1729 3268 2120 3345 'viderimus
2147 3327 2163 3354 ‚
2234 3296 2368 3343 non
2448 3272 2833 3343 sanseritice

630 3385 911 3449 tantum-
943 3407 975 3446 «
1015 3390 1054 3449 ό
1087 3388 1149 3449 te
1168 3380 1359 3471 yanti
1388 3390 1471 3471 y&
1494 3382 1839 3471 apari'shu
1864 3390 2128 3473 pdcyan
2153 3410 2216 3464 »‚
2252 3382 2365 3452 sed
2391 3382 2591 3451 etiam
2620 3396 2832 3471 graece

640 3486 845 3575 Ἡμεῖς
875 3490 923 3557 δ’
960 3495 1113 3577 εἰμὲν
1138 3502 1305 3569 τοῖοι,
1359 3499 1410 3560 οἳ
1450 3503 1515 3561 ἂν
1554 3502 1712 3563 σέθεν
1757 3494 2148 3580 ἀντιάσαιμενῗ)
2179 3493 2356 3560 Hanc
2385 3491 2653 3582 quidem
2683 3510 2832 3559 sen*

636 3590 997 3667 tentiarum
1068 3596 1660 3669 conformationem
1711 3600 2166 3680 Delhruckius‚
2229 3597 2618 3668 Windischii
2682 3599 2835 3667 doc·

632 3704 827 3773 trinae
880 3706 959 3775 de
1007 3707 1400 3797 pronomine
1441 3708 1714 3777 relativo
1758 3714 2235 3797 congruenter,
2279 3708 2490 3776 abusu
2544 3708 2830 3798 quodam

636 3821 849 3882 ortam
880 3836 1023 3883 esse
1052 3816 1416 3895 existimat,
1462 3840 1670 3906 quum
1709 3816 2110 3907 exemplaria
2147 3816 2435 3885 relativae
2485 3823 2832 3885 structurae

630 3920 1077 4009 liquidissima
1098 3923 1404 3993 exhibere
1435 3924 1756 3993 videatur.
1789 3922 1911 3991 Sed
1947 3923 2026 3991 de
2051 3925 2176 3992 hoc
2205 3922 2426 3991 alias1.
2455 3924 2640 3992 Nunc
2671 3921 2831 3991 satis

632 4028 831 4099 fuerit
873 4032 1185 4155 lectorem
1232 4053 1503 4102 monere
1548 4030 1780 4123 quanti
1836 4032 2203 4101 constiterit
2241 4032 2311 4100 in
2367 4054 2564 4123 supra
2609 4030 2830 4102 allatis

692 4226 736 4275 1.
775 4228 832 4277 ln
866 4228 1275 4279 commentatione
1314 4248 1336 4277 α
1376 4229 1521 4279 Essai
1552 4246 1643 4279 sur
1673 4228 1726 4279 la
1759 4226 2090 4280 construction
2119 4225 2522 4296 φάηιηιαιίοαὶε,
2558 4237 2652 4281 cet.
2687 4248 2710 4279 ι)
2745 4230 2826 4281 in·-

630 4298 829 4361 scripta,
852 4300 995 4362 cujus
1018 4316 1131 4362 pais
1152 4302 1407 4364 quaedam'
1394 4318 1493 4364 lam
1510 4304 1758 4365 publicata
1774 4310 1852 4355 est
1864 4289 2136 4367 (Memoirea
2155 4304 2286 4353 dela
2305 4304 2491 4355 Socie'td
2509 4272 2572 4353 >de
2605 4303 2826 4366 linquis-

626 4366 890 4433 lique‚111‚
917 4387 965 4433 p.
995 4373 1040 4434 1,
1073 4373 1334 4437 seq„124,
1362 4375 1506 4435 seq.)
