3234 5150
1382 369 1696 425 -105—

444 489 669 589 ipsum
700 499 1097 570 elementum
1117 521 1206 588 μα
1226 497 1466 588 duplex
1495 496 1601 564 sit.
1634 497 1866 567 Nostra
1885 497 2091 587 igitur
2116 498 2459 588 participia
2492 519 2623 566 non

445 609 790 697 primaria,
827 609 940 676 sed
977 606 1363 676 secundaria
1400 611 1553 673 sunt
1581 604 1875 676 nomina.
1913 605 2036 673 Sed
2067 627 2144 674 ex
2179 627 2255 673 eo
2284 607 2427 695 ipso
2451 607 2625 696 quod

448 716 742 786 derivata
768 721 949 795 sunt,
977 722 1044 784 et
1074 714 1361 783 derivata
1395 723 1722 794 concreta,
1759 712 2114 783 verisimile
2154 715 2226 784 fit
2269 737 2346 784 ea
2373 716 2453 783 ab
2481 717 2626 782 abs-

444 827 677 892 tractis
710 822 1093 892 nominibus
1122 828 1257 889 orta
1290 843 1458 890 esse.
1495 821 1641 889 Haec
1671 821 1846 890 enim
1879 821 2384 892 derivandorum
2420 823 2628 912 nomi·

444 953 634 1014 num,
664 932 719 998 si
752 930 979 998 minus
1012 930 1314 998 universa
1357 929 1483 1011 lex,
1541 929 1914 997 communis
1961 935 2180 999 tamen
2217 939 2314 1000 est
2351 953 2626 1000 consue-

442 1037 629 1116 tudo,
652 1037 827 1126 quod
850 1037 1235 1105 abstractae
1263 1036 1615 1121 concretiS‚
1641 1042 1938 1105 concreta
1959 1057 2031 1104 ex
2058 1037 2404 1107 abstractis
2429 1040 2624 1108 fiunt.

440 1145 845 1236 Appellativa
876 1145 1291 1235 excipiuntur
1318 1167 1355 1212 e
1394 1144 1638 1235 quihus
1680 1145 2081 1214 derivatione
2121 1147 2434 1237 adjectiva
2484 1147 2626 1218 fieri

452 1252 689 1332 solent,
722 1252 791 1320 id
820 1259 921 1321 est
948 1257 1252 1320 concreta
1284 1271 1319 1318 e
1348 1250 1699 1320 concretis,
1727 1251 2136 1347 Deminutiva
2169 1274 2428 1344 quoque
2465 1275 2622 1324 con-

440 1367 621 1430 creta
676 1380 711 1427 e
744 1359 1065 1429 concretis
1102 1359 1437 1448 adjectivis
1486 1358 1630 1427 fieri
1667 1365 1968 1448 possunt.
2009 1359 2130 1428 Sed
2176 1383 2306 1430 non
2337 1363 2418 1433 de
2451 1365 2627 1454 ejus-

443 1469 628 1537 modi
662 1466 1043 1536 nominibus
1077 1467 1185 1534 hic
1216 1466 1455 1555 agitur.
1490 1465 1792 1552 Latinum
1824 1466 2102 1555 denique
2124 1469 2332 1538 futuri
2361 1471 2624 1561 partici-

439 1577 625 1668 pium
663 1577 733 1644 in
776 1585 1014 1653 curu-s,
1070 1575 1246 1665 quod
1291 1596 1503 1642 unum
1534 1575 1601 1640 in
1629 1573 1828 1642 tinem
1855 1574 2316 1664 disputationis
2363 1577 2622 1648 distuli-

440 1705 617 1764 mus,
638 1705 674 1752 e
694 1683 962 1752 nomine
982 1683 1233 1772 agentis
1262 1683 1331 1750 in
1357 1693 1483 1761 tor,
1512 1681 1823 1772 primitus
1853 1691 1984 1760 tar,
2018 1683 2442 1754 informatum
2479 1708 2622 1758 esse

423 1811 900 1880 agnoscemus.
939 1788 1062 1857 Sed
1083 1791 1217 1857 haec
1246 1795 1346 1857 est
1372 1789 1656 1877 genuina
1688 1789 2002 1888 derivatio
2029 1792 2250 1861 minus
2280 1815 2477 1882 quam
2508 1817 2622 1863 cu-

440 1898 715 1968 mulatio
771 1898 1155 1967 suffixarum
1190 1921 1207 1965 2
1261 1918 1405 1987 quae
1444 1919 1574 1964 non
1628 1897 1770 1965 fieri
1803 1898 1968 1967 solet
1997 1898 2123 1968 nisi
2156 1899 2226 1967 in
2260 1903 2621 1972 recentiore

446 2005 771 2076 sermonis
792 2012 1001 2084 aetate,
1025 2004 1115 2073 ita
1134 2011 1208 2073 ut
1226 2007 1443 2073 rarius
1463 2007 1835 2074 thematum
1861 2029 2068 2096 genus
2096 2009 2172 2076 in
2195 2009 2616 2080 tritissimum

438 2115 768 2204 quoddam
804 2113 1017 2196 cadat,
1050 2114 1245 2202 quale
1268 2121 1365 2182 est
1394 2115 1760 2182 thematum
1787 2114 1857 2182 in
1885 2125 1929 2181 a
1957 2115 2424 2187 desinentium.
2467 2120 2620 2208 For-

437 2243 562 2290 mae
592 2228 817 2289 autem
865 2221 935 2288 in
978 2229 1177 2310 tavya
1208 2227 1325 2288 aut
1362 2221 1431 2288 in
1484 2243 1571 2310 ya
1621 2221 2015 2301 desinenteS‚
2059 2245 2266 2311 quum
2314 2225 2616 2315 pluribus

436 2329 684 2419 linguis
728 2349 1114 2397 communes
1151 2328 1307 2414 sint,
1358 2328 1763 2418 antiquiores
1807 2329 2114 2398 videntur
2159 2353 2358 2420 quam
2401 2340 2474 2401 ut
2521 2335 2616 2404 sic

436 2437 746 2529 explicari
778 2442 1047 2526 queant.
1080 2434 1224 2504 Jam
1255 2436 1459 2525 igitur
1486 2460 1531 2503 a
1549 2438 1776 2527 priori
1803 2438 2124 2526 conjicere
2162 2439 2338 2520 licet,
2376 2448 2448 2508 ut
2473 2440 2618 2511 ‘suf-

435 2544 589 2617 fixis.
611 2570 677 2625 a,
718 2570 829 2636 ῃα,
857 2568 894 2616 e
924 2551 1225 2615 concreto
1252 2543 1520 2613 nomine
1548 2568 1774 2634 yuvan
1803 2571 1835 2609 «
1857 2546 2119 2635 Juvenis
2147 2575 2176 2611 υ
2208 2548 2612 2619 abstractum

434 2656 508 2724 fit
541 2678 853 2744 yauvana
888 2656 1244 2744 «juventus
1264 2680 1325 2733 »‚
1362 2675 1439 2721 ex
1464 2653 1789 2722 abstracto
1810 2661 2030 2725 autem
2056 2680 2256 2745 yaqas
2290 2684 2322 2723 «
2351 2659 2610 2747 gloria»

432 2769 815 2847 concretum
842 2781 1135 2849 yaeasya
1166 2783 1198 2823 «
1232 2758 1439 2847 gloria
1465 2759 1780 2849 praeditus
1815 2786 1878 2837 »‚
1918 2761 2033 2841 ita,
2070 2762 2412 2853 participia
2440 2765 2612 2833 deri-

429 2876 603 2949 vata,
636 2888 807 2956 quae
806 2872 1111 2935 concreta
1143 2872 1323 2950 sunt,
1353 2886 1429 2932 ex
1454 2865 1800 2933 abstractis
1832 2866 2212 2935 nominibus
2243 2875 2384 2936 orta
2417 2890 2608 2937 esse:

430 2973 605 3067 quod
630 2995 673 3040 a
696 2976 1057 3062 posteriori
1084 2972 1471 3041 confirmare
1502 2972 1816 3041 nitemur.

517 3081 686 3148 Illud
719 3081 1013 3171 primum
1063 3086 1162 3147 est
1222 3079 1487 3147 suffixas
1543 3079 1856 3158 subtilius
1901 3080 1971 3146 in
2007 3085 2222 3169 partes
2257 3081 2605 3151 resolvere.

427 3183 759 3251 Facillime
797 3184 1029 3253 suffixa
1072 3205 1189 3271 ya
1223 3181 1460 3254 resolvi
1509 3187 1744 3272 potest,
1811 3181 2051 3273 quippe
2085 3203 2231 3269 quae
2265 3206 2300 3252 e
2355 3186 2611 3255 duabus

429 3298 687 3360 tantum
706 3291 934 3360 literis
964 3314 1126 3379 9-
1036 3341 1127 3351 -
1151 3293 1215 3369 i,
1260 3297 1323 3359 et
1354 3313 1396 3357 a
1429 3297 1703 3360 constet.
1753 3291 1970 3369 Quum
2002 3290 2322 3360 radicales
2355 3295 2608 3364 vocales

429 3397 819 3469 incrementi
874 3419 1144 3490 capaces
1191 3398 1259 3464 in
1290 3396 1620 3485 ejusmodi
1659 3398 1892 3466 formis
1929 3398 2327 3500 sanseriticae
2370 3401 2610 3491 linguae

427 3528 604 3574 nunc
650 3511 1017 3595 augeantur
1052 3512 1129 3573 ut
1175 3505 1243 3572 in
1300 3506 1597 3593 Ιεεέρ-ῃ-ιι
1647 3526 1683 3573 e
1722 3505 1939 3573 radice
1971 3508 2163 3594 kship
2203 3532 2236 3571 «
2278 3508 2500 3595 jacere
2539 3538 2603 3597 »‚

384 3681 392 3689 ,,
427 3636 604 3682 nunc
650 3634 833 3703 purae
880 3619 1190 3681 maneant
1237 3616 1312 3681 ut
1361 3612 1426 3680 in
1468 3621 1675 3701 spric-
1680 3637 1749 3701 y·
1755 3636 1798 3679 a
1839 3634 1875 3681 e
1911 3613 2128 3681 radice
2169 3617 2348 3701 spi-ig:
2390 3642 2422 3680 «
2457 3623 2604 3685 tan-

425 3742 577 3811 gere
616 3746 679 3805 »,
717 3720 1053 3805 informis
1094 3710 1319 3788 autem¹
1354 3720 1695 3808 gerundivi
1751 3719 1884 3787 sive
1941 3721 2289 3787 absolutivi
2329 3744 2475 3812 quae
2525 3726 2607 3793 ad

426 3828 723 3898 eamdem
744 3828 1069 3917 originem
1104 3828 1461 3896 referendae
1490 3832 1668 3905 sunt,
1703 3832 2008 3896 maneant
2036 3820 2219 3918 purae
2249 3850 2510 3921 semper
2530 3840 2606 3900 ut

424 3938 494 4005 in
536 3937 765 4007 vedico
814 3938 1361 4025 anu-qhz'csh-y-c‘z‚
1416 3935 1906 4003 instrumentali
1969 3936 2240 4025 antiquo
2297 3939 2606 4008 thematis

424 4045 951 4133 anu-qhzish·y-a
973 4064 1008 4110 e
1037 4041 1258 4109 radice
1292 4043 1500 4131 qhush
1531 4064 1565 4105 «
1598 4042 1885 4109 clamare
1917 4066 1978 4121 »,
2029 4044 2142 4130 qui
2181 4044 2319 4133 ipse
2353 4054 2596 4134 postea,

420 4150 707 4222 breviata
755 4152 987 4228 ultima
1034 4150 1265 4227 voca-li,
1304 4151 1830 4243 anu-qhitsh-y-a
1865 4148 2074 4226 factus
2116 4155 2237 4226 est,
2273 4152 2497 4227 ,unum
2533 4150 2600 4229 id

401 4259 790 4328 notandum
816 4259 1099 4345 videtur,
1128 4268 1404 4335 accentu
1434 4257 1723 4335 radicem
1751 4258 1974 4347 vulgo,
1997 4258 2454 4360 secundariam
2487 4282 2598 4329 au·
