3234 5150
1431 499 1711 555 ,69-

478 803 535 878 β.
592 801 679 865 De
734 800 1073 868 derivatis,
1128 800 1243 886 qui
1304 799 1674 886 sumuntur,
1720 801 2017 866 sensibus
2060 804 2405 891 utriusque
2455 809 2655 885 modi,

968 908 1041 972 in
1089 907 1425 972 sententiis
1470 908 1639 971 nulli
1682 908 1803 972 alii
1845 909 2171 995 subjectis

498 1224 509 1232 .
565 1138 660 1205 [lli
692 1139 771 1205 de
802 1139 1043 1228 quibus
1072 1140 1211 1228 jam
1248 1139 1535 1205 diximus
1574 1161 1805 1207 sensus
1853 1141 2140 1208 multum
2191 1144 2372 1211 abest
2403 1152 2476 1213 ut
2506 1148 2655 1225 soli,

476 1248 576 1316 vel
610 1247 678 1313 in
714 1247 1054 1315 sententiis
1098 1247 1268 1314 nulli
1310 1246 1423 1314 alii
1468 1247 1802 1335 subjectis,
1835 1249 2268 1339 reperiantur.
2303 1252 2390 1319 Ad
2412 1261 2658 1323 ceteros

476 1355 899 1423 declarandos
948 1378 1155 1445 quum
1203 1354 1626 1444 conjunctivi,
1670 1360 1814 1422 turn
1843 1356 2110 1446 optativi
2145 1358 2277 1424 vim
2320 1363 2505 1449 quasi
2533 1363 2655 1429 mi-

477 1469 703 1529 nutam
740 1462 941 1530 fuisse
972 1463 1314 1552 profitetur
1350 1462 1784 1530 Delbruckius
1813 1468 1878 1531 et
1909 1463 2150 1552 quibus
2184 1466 2494 1554 gradihus
2518 1471 2654 1548 ,rni-

474 1576 631 1636 nuta
660 1570 744 1636 sit
773 1569 1142 1638 describere
1172 1569 1428 1637 nititur.

561 1679 643 1745 De
672 1678 1087 1767 conjunctivo
1118 1678 1303 1767 prius
1332 1677 1570 1766 agitur,
1598 1678 1791 1765 cujus
1816 1676 1885 1745 in
1910 1678 2240 1749 voluntate
2267 1683 2656 1755 declaranda

474 1787 798 1856 minorem
834 1811 975 1858 esse
1004 1789 1137 1858 vim
1172 1791 1361 1856 docet
1395 1811 1409 1853 :

559 1897 811 1976 Primo,
874 1899 928 1966 si
989 1899 1163 1987 quod
1207 1898 1547 1973 volumus,
1604 1896 1728 1963 hoc
1786 1916 1916 1963 non
1972 1896 2101 1963 nisi
2145 1905 2403 1986 postero
2465 1908 2529 1969 et
2581 1924 2656 1971 eo

472 2005 830 2094 longinquo
860 2013 1155 2094 tempore
1190 2004 1609 2074 efficiendum
1650 2006 1786 2092 ests
1813 2003 1906 2070 Sit
1938 2025 2117 2082 sane,
2171 2007 2283 2074 sed
2320 2007 2486 2076 illud
2527 2010 2657 2079 dis-

473 2111 723 2180 crimen
754 2112 935 2206 parvi
972 2119 1069 2180 est
1103 2111 1447 2178 momenti.

560 2221 878 2297 Secundo,
901 2221 957 2287 si
988 2221 1162 2309 quod
1188 2219 1520 2295 volumus,
1547 2219 1673 2286 hoc
1701 2240 1832 2286 11011
1863 2225 2112 2308 sponte,
2151 2220 2264 2286 sed
2291 2221 2512 2310 aliquo
2540 2230 2655 2292 aut

472 2327 690 2417 aliqua
721 2349 792 2395 rc
821 2335 1089 2416 cogente
1118 2327 1449 2403 volumuS‚
1489 2326 1555 2393 id
1586 2333 1686 2394 est
1714 2325 2160 2421 concedimus.
2196 2325 2338 2394 Jam
2375 2348 2507 2395 non
2536 2328 2650 2398 illa

367 2480 372 2485 -
470 2442 567 2502 est
620 2434 973 2503 voluntatis
1019 2434 1398 2511 declarati0‚
1446 2434 1559 2502 sed
1607 2437 1896 2521 cognatae
1950 2433 2300 2520 cujusdam
2333 2435 2644 2514 notionis,

470 2563 588 2622 nec
632 2541 871 2631 prioris
919 2540 1181 2629 signum
1227 2540 1307 2608 ad
1353 2539 1628 2608 alteram
1671 2539 2012 2608 transferri
2053 2539 2343 2631 potuisse
2383 2543 2682 2631 negave-'

469 2650 622 2717 rim.
654 2650 1039 2738 Exemplum
1067 2656 1164 2715 est
1201 2670 1493 2737 graeeum
1528 2670 1539 2713 :
1579 2676 1639 2725 α,
1693 2647 1847 2715 596.
1883 2656 2004 2716 Τῶν
2033 2656 2131 2715 κέν
2165 2675 2248 2727 τις
2285 2648 2400 2716 τόδ’
2435 2654 2647 2739 ἔχῃσιν,

470 2760 591 2822 ἐπεὶ
623 2762 752 2843 θάνε
780 2760 900 2831 δῖος
936 2754 1251 2831 Ὀδυσσεύς,
1290 2759 1461 2840 αὐτὰρ
1491 2760 1637 2839 ἐγὼν
1667 2756 1838 2820 οἴκοιο
1869 2756 2002 2832 ἅναξ
2029 2751 2188 2835 ἔσομ’
2217 2759 2510 2840 ἡμετέροιο
2529 2756 2573 2819 ¹.

554 2861 789 2937 Tertio,
834 2860 887 2927 si
939 2862 1113 2949 quod
1154 2861 1485 2939 volumuS‚
1523 2862 1646 2928 hoc
1671 2862 1812 2949 jam
1841 2882 1876 2928 e
1911 2859 2268 2928 novissima
2299 2860 2641 2941 sententia,

468 2976 580 3039 aut
604 2991 638 3036 0
668 2969 1098 3057 temporibuS‚
1139 2974 1252 3036 aut
1288 2991 1323 3035 e
1372 2974 1606 3035 natura
1643 2990 1892 3043 rerum,
1945 2966 2328 3034 necessitate
2359 2968 2644 3054 quadam

466 3078 910 3166 consequitur.
950 3077 1149 3153 Adde,
1196 3097 1449 3165 precor,
1492 3074 1595 3141 vel
1627 3074 1681 3142 si
1722 3075 1997 3157 minime
2023 3074 2330 3141 volumus
2355 3083 2466 3142 aut
2495 3095 2647 3141 con-

467 3185 783 3253 cedimus.
819 3185 1002 3263 Quod
1048 3185 1187 3251 haec
1216 3182 1509 3271 exempla
1540 3182 1907 3259 ostendent,
1937 3181 2108 3249 inter
2143 3180 2482 3248 simillima
2511 3203 2644 3250 non

467 3311 718 3377 pauca:
764 3290 907 3367 VIII,
962 3290 1070 3367 28,
1120 3291 1185 3363 4,
1243 3292 1443 3377 ydtha
1495 3291 1761 3374 micanti
1803 3292 2016 3355 deva's
2067 3291 2282 3355 tdche'd
2333 3299 2480 3354 asat
2529 3293 2642 3357 tad

464 3400 687 3486 esham
738 3398 937 3462 ncilcir
982 3402 1042 3461 ῐι’
1073 3398 1309 3472 minat,
1370 3421 1402 3459 «
1441 3394 1622 3462 Sicut
1656 3395 1883 3462 volunt
1919 3394 2041 3472 Dii,
2080 3394 2168 3461 ita
2211 3396 2296 3460 sit
2346 3394 2461 3483 (ita
2501 3417 2641 3464 esse

466 3505 746 3593 oportet)
783 3528 797 3569 :
843 3505 965 3570 hoc
1022 3503 1317 3593 (illorum
1363 3502 1746 3592 imperium)
1785 3498 1976 3591 nemo
2006 3504 2263 3569 minuat
2313 3502 2640 3590 (minuere

462 3614 730 3703 potcst);
778 3652 860 3661 —
898 3613 969 3687 X,
1024 3610 1175 3689 505,
1221 3621 1329 3678 Νῦν
1379 3611 1427 3677 δ’
1472 3622 1535 3677 ἂν
1587 3618 1782 3679 πολλὰ
1825 3620 2049 3701 πάθῃσι,
2097 3619 2254 3697 φίλου
2290 3616 2396 3679 ἀπὸ
2432 3619 2642 3700 πατρὸς

462 3727 721 3807 ἁμαρτών
760 3717 981 3807 (verba
1014 3722 1166 3783 sunt
1204 3716 1694 3783 Andromaches
1731 3714 2010 3781 filiolum
2041 3717 2420 3805 Astyanacta
2461 3737 2638 3783 com-

461 3824 828 3913 pellantiS);
884 3862 965 3871 —-
1019 3830 1071 3896 ὃ,
1126 3820 1279 3897 240,
1331 3828 1519 3887 Πάντα
1566 3828 1666 3903 μὲν
1712 3826 1811 3887 οὐκ
1863 3830 1927 3887 ἂν
1988 3826 2104 3908 ἐγὼ
2162 3829 2468 3907 μυθήσομαι
2524 3822 2634 3889 οὐδ’

458 3938 728 4016 ὀνομήνω.

550 4039 617 4104 111
649 4037 751 4105 1115
780 4043 845 4103 et
878 4034 1148 4115 talibus,
1187 4034 1533 4103 declaratae
1580 4032 1937 4101 voluntatis
1984 4033 2081 4102 vis
2122 4034 2211 4103 ita
2253 4032 2506 4101 minuta
2536 4040 2633 4100 est

524 4267 570 4316 1.
607 4266 881 4315 Sententias
908 4265 962 4313 in
990 4263 1171 4327 quibus
1199 4264 1454 4326 particulae
1479 4268 1553 4313 κέν
1578 4268 1663 4313 aut
1691 4264 1746 4313 ἄν
1765 4262 1938 4311 modos
1958 4263 2259 4312 comitantur
2280 4277 2309 4311 a
2327 4262 2506 4313 ceteris
2533 4278 2631 4314 non

460 4338 730 4400 distinguo.
756 4336 1046 4386 Delhruckio
1067 4333 1201 4383 enim
1218 4334 1462 4383 assentior
1476 4334 1690 4392 docenti,
1713 4347 1815 4383 non
1831 4333 1931 4383 illis
1949 4334 2208 4396 particulis
2231 4334 2490 4383 modorum
2508 4350 2632 4385 usus

460 4409 682 4460 mutandi
706 4409 808 4459 vim
831 4410 1010 4465 inesse,
1039 4406 1125 4457 sed
1148 4419 1228 4457 eas
1250 4420 1373 4457 usus
1392 4406 1495 4469 jam
1518 4405 1697 4456 mutati
1720 4405 1904 4457 indicia
1921 4404 2030 4455 fieri
2055 4406 2120 4469 (p.
2147 4404 2245 4468 84).
