<?xml version="1.0" encoding="UTF-8"?>
<!DOCTYPE html PUBLIC "-//W3C//DTD XHTML 1.0 Transitional//EN"
    "http://www.w3.org/TR/xhtml1/DTD/xhtml1-transitional.dtd">
<html xmlns="http://www.w3.org/1999/xhtml" xml:lang="en" lang="en">
 <head>
  <title>
</title>
<meta http-equiv="Content-Type" content="text/html;charset=utf-8" />
  <meta name='ocr-system' content='tesseract 3.04.00' />
  <meta name='ocr-capabilities' content='ocr_page ocr_carea ocr_par ocr_line ocrx_word'/>
</head>
<body>
  <div class='ocr_page' id='page_1' title='image "./deconjunctiviet00berggoog_0083.png"; bbox 0 0 3234 5150; ppageno 0'>
   <div class='ocr_carea' id='block_1_1' title="bbox 1433 403 1714 460">
    <p class='ocr_par' dir='ltr' id='par_1_1' title="bbox 1433 403 1714 460">
     <span class='ocr_line' id='line_1_1' title="bbox 1433 403 1714 460; baseline 0.007 -14"><span class='ocrx_word' id='word_1_1' title='bbox 1433 403 1714 460; x_wconf 76' lang='lat'><strong>...57-</strong></span> 
     </span>
    </p>
   </div>
   <div class='ocr_carea' id='block_1_2' title="bbox 483 524 2672 2022">
    <p class='ocr_par' dir='ltr' id='par_1_2' title="bbox 483 524 2670 1783">
     <span class='ocr_line' id='line_1_2' title="bbox 483 524 2660 622; baseline 0.005 -32"><span class='ocrx_word' id='word_1_2' title='bbox 483 524 799 594; x_wconf 86' lang='lat' dir='ltr'>bruckius</span> <span class='ocrx_word' id='word_1_3' title='bbox 840 527 1166 594; x_wconf 85' lang='lat' dir='ltr'>existimat</span> <span class='ocrx_word' id='word_1_4' title='bbox 1185 527 1253 594; x_wconf 92' lang='lat' dir='ltr'>in</span> <span class='ocrx_word' id='word_1_5' title='bbox 1279 530 1493 616; x_wconf 87' lang='lat' dir='ltr'>prima</span> <span class='ocrx_word' id='word_1_6' title='bbox 1523 536 1780 600; x_wconf 89' lang='lat' dir='ltr'>tantum</span> <span class='ocrx_word' id='word_1_7' title='bbox 1811 532 2163 620; x_wconf 88' lang='lat' dir='ltr'>singularis</span> <span class='ocrx_word' id='word_1_8' title='bbox 2183 554 2460 620; x_wconf 86' lang='lat' dir='ltr'>persona</span> <span class='ocrx_word' id='word_1_9' title='bbox 2479 554 2660 622; x_wconf 80' lang='lat' dir='ltr'>quae-</span> 
     </span>
     <span class='ocr_line' id='line_1_3' title="bbox 485 633 2667 729; baseline 0.004 -30"><span class='ocrx_word' id='word_1_10' title='bbox 485 633 765 700; x_wconf 88' lang='lat' dir='ltr'>rendum</span> <span class='ocrx_word' id='word_1_11' title='bbox 784 655 947 702; x_wconf 90' lang='lat' dir='ltr'>esse.</span> <span class='ocrx_word' id='word_1_12' title='bbox 968 635 1197 702; x_wconf 83' lang='lat' dir='ltr'>Primae</span> <span class='ocrx_word' id='word_1_13' title='bbox 1221 635 1422 723; x_wconf 87' lang='lat' dir='ltr'>igitur</span> <span class='ocrx_word' id='word_1_14' title='bbox 1438 637 1792 727; x_wconf 88' lang='lat' dir='ltr'>singularis</span> <span class='ocrx_word' id='word_1_15' title='bbox 1812 659 2104 729; x_wconf 85' lang='lat' dir='ltr'>personae</span> <span class='ocrx_word' id='word_1_16' title='bbox 2126 638 2499 728; x_wconf 88' lang='lat' dir='ltr'>exemplum</span> <span class='ocrx_word' id='word_1_17' title='bbox 2518 640 2667 708; x_wconf 86' lang='lat' dir='ltr'>affe-</span> 
     </span>
     <span class='ocr_line' id='line_1_4' title="bbox 484 741 2664 839; baseline 0.004 -32"><span class='ocrx_word' id='word_1_18' title='bbox 484 763 629 808; x_wconf 90' lang='lat' dir='ltr'>ram</span> <span class='ocrx_word' id='word_1_19' title='bbox 657 764 671 806; x_wconf 76' lang='grc' dir='ltr'>ε</span> <span class='ocrx_word' id='word_1_20' title='bbox 712 741 783 821; x_wconf 91' lang='grc' dir='ltr'>Χ,</span> <span class='ocrx_word' id='word_1_21' title='bbox 818 743 926 820; x_wconf 78' lang='lat'>52,</span> <span class='ocrx_word' id='word_1_22' title='bbox 961 743 1023 823; x_wconf 82' lang='lat'>5,</span> <span class='ocrx_word' id='word_1_23' title='bbox 1060 749 1119 809; x_wconf 85' lang='grc' dir='ltr'>ᾱ’</span> <span class='ocrx_word' id='word_1_24' title='bbox 1154 767 1230 810; x_wconf 87' lang='lat' dir='ltr'>vo</span> <span class='ocrx_word' id='word_1_25' title='bbox 1262 746 1513 834; x_wconf 76' lang='lat' dir='ltr'>yalcshy</span> <span class='ocrx_word' id='word_1_26' title='bbox 1546 749 1970 839; x_wconf 80' lang='lat' dir='ltr'>amricacvdm</span> <span class='ocrx_word' id='word_1_27' title='bbox 1999 753 2318 814; x_wconf 68' lang='lat' dir='ltr'>suvi&#39;ram</span> <span class='ocrx_word' id='word_1_28' title='bbox 2354 751 2555 836; x_wconf 76' lang='lat' dir='ltr'>ydtha</span> <span class='ocrx_word' id='word_1_29' title='bbox 2587 772 2664 815; x_wconf 85' lang='lat' dir='ltr'>vo</span> 
     </span>
     <span class='ocr_line' id='line_1_5' title="bbox 486 851 2662 943; baseline 0.003 -28"><span class='ocrx_word' id='word_1_30' title='bbox 486 851 648 915; x_wconf 70' lang='lat' dir='ltr'>deva</span> <span class='ocrx_word' id='word_1_31' title='bbox 694 851 971 916; x_wconf 81' lang='lat' dir='ltr'>vdrivah</span> <span class='ocrx_word' id='word_1_32' title='bbox 1016 853 1260 918; x_wconf 72' lang='lat' dir='ltr'>ledrc&#39;zni</span> <span class='ocrx_word' id='word_1_33' title='bbox 1312 858 1373 918; x_wconf 76' lang='lat' dir='ltr'>c&#39;z&#39;</span> <span class='ocrx_word' id='word_1_34' title='bbox 1427 855 1675 920; x_wconf 68' lang='lat' dir='ltr'>bdhvo&#39;r</span> <span class='ocrx_word' id='word_1_35' title='bbox 1721 857 1978 942; x_wconf 79' lang='lat' dir='ltr'>vdjram</span> <span class='ocrx_word' id='word_1_36' title='bbox 2024 857 2347 943; x_wconf 76' lang='lat' dir='ltr'>indrasya</span> <span class='ocrx_word' id='word_1_37' title='bbox 2385 857 2662 943; x_wconf 70' lang='lat' dir='ltr'>dheyc&#39;tm</span> 
     </span>
     <span class='ocr_line' id='line_1_6' title="bbox 486 958 2662 1049; baseline 0.003 -26"><span class='ocrx_word' id='word_1_38' title='bbox 486 958 764 1024; x_wconf 73' lang='lat' dir='ltr'>dthemc‘z&#39;</span> <span class='ocrx_word' id='word_1_39' title='bbox 792 961 1027 1044; x_wconf 69' lang='lat' dir='ltr'>vicvah</span> <span class='ocrx_word' id='word_1_40' title='bbox 1051 971 1326 1048; x_wconf 74' lang='lat' dir='ltr'>pritam‘z</span> <span class='ocrx_word' id='word_1_41' title='bbox 1348 964 1590 1049; x_wconf 61' lang='lat' dir='ltr'>jamin,</span> <span class='ocrx_word' id='word_1_42' title='bbox 1629 987 1661 1025; x_wconf 90' lang='lat'>«</span> <span class='ocrx_word' id='word_1_43' title='bbox 1694 965 1740 1027; x_wconf 85' lang='lat' dir='ltr'><strong>A</strong></span> <span class='ocrx_word' id='word_1_44' title='bbox 1769 960 1950 1028; x_wconf 88' lang='lat' dir='ltr'>vobis</span> <span class='ocrx_word' id='word_1_45' title='bbox 1994 962 2248 1030; x_wconf 88' lang='lat' dir='ltr'>obtinui</span> <span class='ocrx_word' id='word_1_46' title='bbox 2279 963 2662 1030; x_wconf 88' lang='lat' dir='ltr'>immortali-</span> 
     </span>
     <span class='ocr_line' id='line_1_7' title="bbox 485 1067 2662 1161; baseline 0.002 -28"><span class='ocrx_word' id='word_1_47' title='bbox 485 1071 685 1134; x_wconf 86' lang='lat' dir='ltr'>tatem</span> <span class='ocrx_word' id='word_1_48' title='bbox 716 1074 782 1135; x_wconf 90' lang='lat' dir='ltr'>et</span> <span class='ocrx_word' id='word_1_49' title='bbox 809 1067 1076 1146; x_wconf 59' lang='lat' dir='ltr'>liberm,</span> <span class='ocrx_word' id='word_1_50' title='bbox 1106 1076 1179 1136; x_wconf 90' lang='lat' dir='ltr'>ut</span> <span class='ocrx_word' id='word_1_51' title='bbox 1206 1069 1413 1148; x_wconf 81' lang='lat' dir='ltr'>vobis,</span> <span class='ocrx_word' id='word_1_52' title='bbox 1456 1068 1549 1148; x_wconf 89' lang='lat' dir='ltr'>Di,</span> <span class='ocrx_word' id='word_1_53' title='bbox 1590 1069 1879 1158; x_wconf 86' lang='lat' dir='ltr'>spatium</span> <span class='ocrx_word' id='word_1_54' title='bbox 1911 1071 2232 1161; x_wconf 87' lang='lat' dir='ltr'>aperirem</span> <span class='ocrx_word' id='word_1_55' title='bbox 2260 1096 2276 1151; x_wconf 89' lang='lat'>;</span> <span class='ocrx_word' id='word_1_56' title='bbox 2312 1071 2382 1138; x_wconf 92' lang='lat' dir='ltr'>in</span> <span class='ocrx_word' id='word_1_57' title='bbox 2425 1093 2662 1139; x_wconf 85' lang='lat' dir='ltr'>manus</span> 
     </span>
     <span class='ocr_line' id='line_1_8' title="bbox 486 1175 2657 1267; baseline 0.001 -26"><span class='ocrx_word' id='word_1_58' title='bbox 486 1175 693 1242; x_wconf 84' lang='lat' dir='ltr'>Indrae</span> <span class='ocrx_word' id='word_1_59' title='bbox 722 1175 973 1244; x_wconf 87' lang='lat' dir='ltr'>fulmen</span> <span class='ocrx_word' id='word_1_60' title='bbox 1002 1199 1267 1266; x_wconf 86' lang='lat' dir='ltr'>ponam,</span> <span class='ocrx_word' id='word_1_61' title='bbox 1304 1176 1454 1244; x_wconf 91' lang='lat' dir='ltr'>dein</span> <span class='ocrx_word' id='word_1_62' title='bbox 1491 1176 1561 1244; x_wconf 91' lang='lat' dir='ltr'>in</span> <span class='ocrx_word' id='word_1_63' title='bbox 1592 1176 1696 1244; x_wconf 89' lang='lat' dir='ltr'>his</span> <span class='ocrx_word' id='word_1_64' title='bbox 1725 1177 2032 1246; x_wconf 88' lang='lat' dir='ltr'>omnihus</span> <span class='ocrx_word' id='word_1_65' title='bbox 2061 1179 2306 1267; x_wconf 80' lang='lat' dir='ltr'>praeliis</span> <span class='ocrx_word' id='word_1_66' title='bbox 2341 1179 2587 1247; x_wconf 86' lang='lat' dir='ltr'>vincat!</span> <span class='ocrx_word' id='word_1_67' title='bbox 2624 1206 2657 1244; x_wconf 90' lang='lat'>»</span> 
     </span>
     <span class='ocr_line' id='line_1_9' title="bbox 487 1283 2662 1375; baseline 0.002 -26"><span class='ocrx_word' id='word_1_68' title='bbox 487 1283 571 1349; x_wconf 84' lang='lat' dir='ltr'>Ea</span> <span class='ocrx_word' id='word_1_69' title='bbox 604 1289 759 1350; x_wconf 82' lang='lat' dir='ltr'>sunt</span> <span class='ocrx_word' id='word_1_70' title='bbox 793 1284 989 1352; x_wconf 89' lang='lat' dir='ltr'>verba</span> <span class='ocrx_word' id='word_1_71' title='bbox 1019 1283 1239 1373; x_wconf 89' lang='lat' dir='ltr'>Agnis,</span> <span class='ocrx_word' id='word_1_72' title='bbox 1275 1284 1388 1373; x_wconf 89' lang='lat' dir='ltr'>qui</span> <span class='ocrx_word' id='word_1_73' title='bbox 1421 1283 1559 1373; x_wconf 91' lang='lat' dir='ltr'>ipse</span> <span class='ocrx_word' id='word_1_74' title='bbox 1590 1283 1752 1372; x_wconf 88' lang='lat' dir='ltr'>deus</span> <span class='ocrx_word' id='word_1_75' title='bbox 1783 1292 1906 1365; x_wconf 88' lang='lat' dir='ltr'>est,</span> <span class='ocrx_word' id='word_1_76' title='bbox 1941 1291 2005 1353; x_wconf 90' lang='lat' dir='ltr'>et</span> <span class='ocrx_word' id='word_1_77' title='bbox 2031 1310 2239 1375; x_wconf 92' lang='lat' dir='ltr'>quum</span> <span class='ocrx_word' id='word_1_78' title='bbox 2276 1287 2355 1354; x_wconf 93' lang='lat' dir='ltr'>de</span> <span class='ocrx_word' id='word_1_79' title='bbox 2383 1286 2662 1354; x_wconf 84' lang='lat' dir='ltr'><strong>fulmine</strong></span> 
     </span>
     <span class='ocr_line' id='line_1_10' title="bbox 489 1387 2668 1482; baseline 0.003 -28"><span class='ocrx_word' id='word_1_80' title='bbox 489 1387 559 1455; x_wconf 90' lang='lat' dir='ltr'>in</span> <span class='ocrx_word' id='word_1_81' title='bbox 621 1412 859 1459; x_wconf 89' lang='lat' dir='ltr'>manus</span> <span class='ocrx_word' id='word_1_82' title='bbox 913 1390 1121 1458; x_wconf 86' lang='lat' dir='ltr'>Indrae</span> <span class='ocrx_word' id='word_1_83' title='bbox 1182 1390 1480 1482; x_wconf 89' lang='lat' dir='ltr'>ponendo</span> <span class='ocrx_word' id='word_1_84' title='bbox 1544 1390 1876 1478; x_wconf 89' lang='lat' dir='ltr'>loquitur,</span> <span class='ocrx_word' id='word_1_85' title='bbox 1941 1393 2077 1458; x_wconf 83' lang='lat' dir='ltr'>haec</span> <span class='ocrx_word' id='word_1_86' title='bbox 2143 1399 2241 1459; x_wconf 86' lang='lat' dir='ltr'>est</span> <span class='ocrx_word' id='word_1_87' title='bbox 2295 1393 2399 1460; x_wconf 93' lang='lat' dir='ltr'>dei</span> <span class='ocrx_word' id='word_1_88' title='bbox 2461 1399 2668 1460; x_wconf 90' lang='lat' dir='ltr'>semet</span> 
     </span>
     <span class='ocr_line' id='line_1_11' title="bbox 490 1497 2670 1591; baseline 0.003 -29"><span class='ocrx_word' id='word_1_89' title='bbox 490 1498 813 1566; x_wconf 88' lang='lat' dir='ltr'>hortantis</span> <span class='ocrx_word' id='word_1_90' title='bbox 848 1498 1261 1589; x_wconf 85' lang='lat' dir='ltr'>significatio,</span> <span class='ocrx_word' id='word_1_91' title='bbox 1307 1505 1421 1567; x_wconf 90' lang='lat' dir='ltr'>aut</span> <span class='ocrx_word' id='word_1_92' title='bbox 1452 1497 1508 1566; x_wconf 93' lang='lat' dir='ltr'>si</span> <span class='ocrx_word' id='word_1_93' title='bbox 1535 1498 1922 1567; x_wconf 86' lang='lat' dir='ltr'>Delbruckio</span> <span class='ocrx_word' id='word_1_94' title='bbox 1961 1499 2170 1588; x_wconf 85' lang='lat' dir='ltr'>magis</span> <span class='ocrx_word' id='word_1_95' title='bbox 2205 1501 2436 1591; x_wconf 85' lang='lat' dir='ltr'>placet,</span> <span class='ocrx_word' id='word_1_96' title='bbox 2474 1522 2670 1568; x_wconf 86' lang='lat' dir='ltr'>merae</span> 
     </span>
     <span class='ocr_line' id='line_1_12' title="bbox 489 1605 2669 1700; baseline 0.001 -27"><span class='ocrx_word' id='word_1_97' title='bbox 489 1606 844 1674; x_wconf 86' lang='lat' dir='ltr'>voluntatis</span> <span class='ocrx_word' id='word_1_98' title='bbox 878 1607 1257 1695; x_wconf 83' lang='lat' dir='ltr'>declaratio,</span> <span class='ocrx_word' id='word_1_99' title='bbox 1299 1605 1584 1698; x_wconf 85' lang='lat' dir='ltr'>optativo</span> <span class='ocrx_word' id='word_1_100' title='bbox 1631 1629 1957 1698; x_wconf 86' lang='lat' dir='ltr'>expressa,</span> <span class='ocrx_word' id='word_1_101' title='bbox 2011 1630 2210 1677; x_wconf 85' lang='lat' dir='ltr'>merae</span> <span class='ocrx_word' id='word_1_102' title='bbox 2237 1614 2460 1676; x_wconf 88' lang='lat' dir='ltr'>autem</span> <span class='ocrx_word' id='word_1_103' title='bbox 2490 1608 2669 1700; x_wconf 90' lang='lat' dir='ltr'>cupi-</span> 
     </span>
     <span class='ocr_line' id='line_1_13' title="bbox 491 1712 2309 1783; baseline 0.003 -2"><span class='ocrx_word' id='word_1_104' title='bbox 491 1712 663 1782; x_wconf 86' lang='lat' dir='ltr'>dinis</span> <span class='ocrx_word' id='word_1_105' title='bbox 693 1715 991 1783; x_wconf 89' lang='lat' dir='ltr'>minime.</span> <span class='ocrx_word' id='word_1_106' title='bbox 2305 1719 2309 1726; x_wconf 80' lang='grc'><strong>’</strong></span> 
     </span>
    </p>

    <p class='ocr_par' dir='ltr' id='par_1_3' title="bbox 496 1821 2672 2022">
     <span class='ocr_line' id='line_1_14' title="bbox 582 1821 2672 1914; baseline 0.001 -25"><span class='ocrx_word' id='word_1_107' title='bbox 582 1822 665 1890; x_wconf 90' lang='lat' dir='ltr'>De</span> <span class='ocrx_word' id='word_1_108' title='bbox 700 1844 907 1912; x_wconf 81' lang='lat' dir='ltr'>graeca</span> <span class='ocrx_word' id='word_1_109' title='bbox 933 1822 1157 1911; x_wconf 89' lang='lat' dir='ltr'>lingua</span> <span class='ocrx_word' id='word_1_110' title='bbox 1183 1821 1384 1900; x_wconf 87' lang='lat' dir='ltr'>tacui,</span> <span class='ocrx_word' id='word_1_111' title='bbox 1420 1822 1489 1890; x_wconf 90' lang='lat' dir='ltr'>in</span> <span class='ocrx_word' id='word_1_112' title='bbox 1518 1845 1647 1913; x_wconf 90' lang='lat' dir='ltr'>qua</span> <span class='ocrx_word' id='word_1_113' title='bbox 1679 1823 1830 1891; x_wconf 92' lang='lat' dir='ltr'>illos</span> <span class='ocrx_word' id='word_1_114' title='bbox 1864 1823 1943 1892; x_wconf 88' lang='lat' dir='ltr'>de</span> <span class='ocrx_word' id='word_1_115' title='bbox 1975 1823 2214 1913; x_wconf 91' lang='lat' dir='ltr'>quibus</span> <span class='ocrx_word' id='word_1_116' title='bbox 2249 1847 2426 1893; x_wconf 92' lang='lat' dir='ltr'>nunc</span> <span class='ocrx_word' id='word_1_117' title='bbox 2455 1824 2672 1914; x_wconf 88' lang='lat' dir='ltr'>agitur</span> 
     </span>
     <span class='ocr_line' id='line_1_15' title="bbox 496 1923 2669 2022; baseline 0 -24"><span class='ocrx_word' id='word_1_118' title='bbox 496 1931 843 1999; x_wconf 89' lang='lat' dir='ltr'>modorum</span> <span class='ocrx_word' id='word_1_119' title='bbox 897 1953 1127 1998; x_wconf 87' lang='lat' dir='ltr'>sensus</span> <span class='ocrx_word' id='word_1_120' title='bbox 1166 1953 1241 1999; x_wconf 92' lang='lat' dir='ltr'>eo</span> <span class='ocrx_word' id='word_1_121' title='bbox 1294 1923 1573 1999; x_wconf 77' lang='lat' dir='ltr'>differre&#39;</span> <span class='ocrx_word' id='word_1_122' title='bbox 1616 1931 1788 1999; x_wconf 89' lang='lat' dir='ltr'>inter</span> <span class='ocrx_word' id='word_1_123' title='bbox 1810 1933 2036 2000; x_wconf 86' lang='lat' dir='ltr'>doctos</span> <span class='ocrx_word' id='word_1_124' title='bbox 2068 1939 2321 2001; x_wconf 90' lang='lat' dir='ltr'>constat</span> <span class='ocrx_word' id='word_1_125' title='bbox 2352 1932 2548 2022; x_wconf 84' lang='lat' dir='ltr'>quod,</span> <span class='ocrx_word' id='word_1_126' title='bbox 2587 1971 2669 1982; x_wconf 91' lang='lat'>-</span> 
     </span>
    </p>
   </div>
   <div class='ocr_carea' id='block_1_3' title="bbox 392 2039 2669 2128">
    <p class='ocr_par' dir='ltr' id='par_1_4' title="bbox 392 2039 2669 2128">
     <span class='ocr_line' id='line_1_16' title="bbox 392 2039 2669 2128; baseline 0.001 -23"><span class='ocrx_word' id='word_1_127' title='bbox 392 2123 397 2128; x_wconf 8' lang='grc' dir='ltr'>ξ</span> <span class='ocrx_word' id='word_1_128' title='bbox 494 2060 700 2126; x_wconf 88' lang='lat' dir='ltr'>quum</span> <span class='ocrx_word' id='word_1_129' title='bbox 748 2039 1165 2128; x_wconf 88' lang='lat' dir='ltr'>conjunctivo</span> <span class='ocrx_word' id='word_1_130' title='bbox 1202 2039 1483 2107; x_wconf 82' lang='lat' dir='ltr'>hortatio</span> <span class='ocrx_word' id='word_1_131' title='bbox 1515 2046 1630 2107; x_wconf 87' lang='lat' dir='ltr'>aut</span> <span class='ocrx_word' id='word_1_132' title='bbox 1673 2041 1900 2126; x_wconf 88' lang='lat' dir='ltr'>jussus</span> <span class='ocrx_word' id='word_1_133' title='bbox 1936 2039 2005 2106; x_wconf 93' lang='lat' dir='ltr'>in</span> <span class='ocrx_word' id='word_1_134' title='bbox 2062 2040 2380 2128; x_wconf 82' lang='lat' dir='ltr'>negativis</span> <span class='ocrx_word' id='word_1_135' title='bbox 2411 2047 2669 2108; x_wconf 87' lang='lat' dir='ltr'>tantum</span> 
     </span>
    </p>
   </div>
   <div class='ocr_carea' id='block_1_4' title="bbox 492 2146 2678 4384">
    <p class='ocr_par' dir='ltr' id='par_1_5' title="bbox 492 2146 2678 4384">
     <span class='ocr_line' id='line_1_17' title="bbox 494 2146 2673 2237; baseline 0 -23"><span class='ocrx_word' id='word_1_136' title='bbox 494 2147 857 2226; x_wconf 80' lang='lat' dir='ltr'>sententiis,</span> <span class='ocrx_word' id='word_1_137' title='bbox 892 2147 1005 2214; x_wconf 88' lang='lat' dir='ltr'>ubi</span> <span class='ocrx_word' id='word_1_138' title='bbox 1033 2146 1391 2236; x_wconf 80' lang='lat' dir='ltr'>prohibitio</span> <span class='ocrx_word' id='word_1_139' title='bbox 1420 2148 1516 2226; x_wconf 89' lang='lat' dir='ltr'>fit,</span> <span class='ocrx_word' id='word_1_140' title='bbox 1554 2147 1874 2214; x_wconf 86' lang='lat' dir='ltr'>declarari</span> <span class='ocrx_word' id='word_1_141' title='bbox 1896 2147 2126 2237; x_wconf 85' lang='lat' dir='ltr'>possit,</span> <span class='ocrx_word' id='word_1_142' title='bbox 2158 2147 2226 2213; x_wconf 91' lang='lat' dir='ltr'>in</span> <span class='ocrx_word' id='word_1_143' title='bbox 2261 2147 2673 2215; x_wconf 83' lang='lat' dir='ltr'>affirmativis</span> 
     </span>
     <span class='ocr_line' id='line_1_18' title="bbox 494 2254 2674 2345; baseline 0 -24"><span class='ocrx_word' id='word_1_144' title='bbox 494 2254 661 2321; x_wconf 91' lang='lat' dir='ltr'>nihil</span> <span class='ocrx_word' id='word_1_145' title='bbox 692 2255 821 2323; x_wconf 90' lang='lat' dir='ltr'>nisi</span> <span class='ocrx_word' id='word_1_146' title='bbox 856 2258 965 2322; x_wconf 83' lang='lat' dir='ltr'>sui</span> <span class='ocrx_word' id='word_1_147' title='bbox 993 2257 1279 2322; x_wconf 81' lang='lat' dir='ltr'>hortatio</span> <span class='ocrx_word' id='word_1_148' title='bbox 1314 2256 1409 2345; x_wconf 90' lang='lat' dir='ltr'>(in</span> <span class='ocrx_word' id='word_1_149' title='bbox 1437 2255 1652 2345; x_wconf 86' lang='lat' dir='ltr'>prima</span> <span class='ocrx_word' id='word_1_150' title='bbox 1688 2256 1990 2345; x_wconf 89' lang='lat' dir='ltr'>persona)</span> <span class='ocrx_word' id='word_1_151' title='bbox 2024 2255 2451 2344; x_wconf 81' lang='lat' dir='ltr'>exprimatur,</span> <span class='ocrx_word' id='word_1_152' title='bbox 2499 2262 2674 2344; x_wconf 91' lang='lat' dir='ltr'>opta-</span> 
     </span>
     <span class='ocr_line' id='line_1_19' title="bbox 493 2349 2674 2452; baseline -0.001 -22"><span class='ocrx_word' id='word_1_153' title='bbox 493 2363 622 2431; x_wconf 87' lang='lat' dir='ltr'>tivo</span> <span class='ocrx_word' id='word_1_154' title='bbox 658 2370 879 2430; x_wconf 87' lang='lat' dir='ltr'>autem</span> <span class='ocrx_word' id='word_1_155' title='bbox 909 2363 1009 2431; x_wconf 89' lang='lat' dir='ltr'>vel</span> <span class='ocrx_word' id='word_1_156' title='bbox 1040 2363 1108 2431; x_wconf 91' lang='lat' dir='ltr'>in</span> <span class='ocrx_word' id='word_1_157' title='bbox 1144 2349 1557 2450; x_wconf 79' lang='lat' dir='ltr'>affirmativis</span> <span class='ocrx_word' id='word_1_158' title='bbox 1592 2353 1932 2432; x_wconf 83' lang='lat' dir='ltr'>sententiis</span> <span class='ocrx_word' id='word_1_159' title='bbox 1961 2363 2250 2433; x_wconf 88' lang='lat' dir='ltr'>hortatio</span> <span class='ocrx_word' id='word_1_160' title='bbox 2281 2385 2446 2452; x_wconf 84' lang='lat' dir='ltr'>saepe</span> <span class='ocrx_word' id='word_1_161' title='bbox 2481 2363 2674 2451; x_wconf 89' lang='lat' dir='ltr'>signi-</span> 
     </span>
     <span class='ocr_line' id='line_1_20' title="bbox 494 2469 2674 2559; baseline 0 -23"><span class='ocrx_word' id='word_1_162' title='bbox 494 2471 749 2549; x_wconf 90' lang='lat' dir='ltr'>ficetur,</span> <span class='ocrx_word' id='word_1_163' title='bbox 792 2511 875 2522; x_wconf 91' lang='lat'><strong>—</strong></span> <span class='ocrx_word' id='word_1_164' title='bbox 930 2471 1089 2538; x_wconf 90' lang='lat' dir='ltr'>huic</span> <span class='ocrx_word' id='word_1_165' title='bbox 1150 2470 1504 2538; x_wconf 90' lang='lat' dir='ltr'>hortationi</span> <span class='ocrx_word' id='word_1_166' title='bbox 1553 2493 1670 2559; x_wconf 93' lang='lat' dir='ltr'>per</span> <span class='ocrx_word' id='word_1_167' title='bbox 1717 2470 2078 2559; x_wconf 87' lang='lat' dir='ltr'>optativum</span> <span class='ocrx_word' id='word_1_168' title='bbox 2144 2471 2520 2558; x_wconf 85' lang='lat' dir='ltr'>significatae</span> <span class='ocrx_word' id='word_1_169' title='bbox 2562 2469 2674 2536; x_wconf 91' lang='lat' dir='ltr'>ali-</span> 
     </span>
     <span class='ocr_line' id='line_1_21' title="bbox 494 2577 2673 2668; baseline -0.001 -22"><span class='ocrx_word' id='word_1_170' title='bbox 494 2580 651 2667; x_wconf 91' lang='lat' dir='ltr'>quid</span> <span class='ocrx_word' id='word_1_171' title='bbox 708 2580 1061 2648; x_wconf 85' lang='lat' dir='ltr'>verecundi</span> <span class='ocrx_word' id='word_1_172' title='bbox 1120 2585 1233 2647; x_wconf 90' lang='lat' dir='ltr'>aut</span> <span class='ocrx_word' id='word_1_173' title='bbox 1290 2579 1527 2647; x_wconf 89' lang='lat' dir='ltr'>urbani</span> <span class='ocrx_word' id='word_1_174' title='bbox 1586 2586 1762 2647; x_wconf 88' lang='lat' dir='ltr'>certe</span> <span class='ocrx_word' id='word_1_175' title='bbox 1819 2580 2012 2659; x_wconf 84' lang='lat' dir='ltr'>inest,</span> <span class='ocrx_word' id='word_1_176' title='bbox 2081 2580 2254 2646; x_wconf 90' lang='lat' dir='ltr'>unde</span> <span class='ocrx_word' id='word_1_177' title='bbox 2316 2577 2673 2668; x_wconf 90' lang='lat' dir='ltr'>precationi</span> 
     </span>
     <span class='ocr_line' id='line_1_22' title="bbox 495 2687 2670 2778; baseline 0 -25"><span class='ocrx_word' id='word_1_178' title='bbox 495 2687 759 2777; x_wconf 91' lang='lat' dir='ltr'>propior</span> <span class='ocrx_word' id='word_1_179' title='bbox 803 2688 898 2755; x_wconf 86' lang='lat' dir='ltr'>fit.</span> <span class='ocrx_word' id='word_1_180' title='bbox 959 2688 1143 2766; x_wconf 91' lang='lat' dir='ltr'>Quod</span> <span class='ocrx_word' id='word_1_181' title='bbox 1199 2688 1512 2778; x_wconf 88' lang='lat' dir='ltr'>exemplis</span> <span class='ocrx_word' id='word_1_182' title='bbox 1568 2709 1766 2777; x_wconf 86' lang='lat' dir='ltr'>supra</span> <span class='ocrx_word' id='word_1_183' title='bbox 1827 2688 2042 2755; x_wconf 84' lang='lat' dir='ltr'>allatis</span> <span class='ocrx_word' id='word_1_184' title='bbox 2101 2687 2465 2754; x_wconf 83' lang='lat' dir='ltr'>ostenditur</span> <span class='ocrx_word' id='word_1_185' title='bbox 2512 2710 2524 2751; x_wconf 93' lang='lat'><strong>:</strong></span> <span class='ocrx_word' id='word_1_186' title='bbox 2585 2696 2632 2753; x_wconf 86' lang='lat' dir='ltr'><strong>A</strong></span> <span class='ocrx_word' id='word_1_187' title='bbox 2654 2740 2670 2771; x_wconf 85' lang='lat'>‚</span> 
     </span>
     <span class='ocr_line' id='line_1_23' title="bbox 496 2792 2674 2881; baseline -0.001 -20"><span class='ocrx_word' id='word_1_188' title='bbox 496 2794 647 2881; x_wconf 84' lang='lat'>790,</span> <span class='ocrx_word' id='word_1_189' title='bbox 689 2794 861 2863; x_wconf 82' lang='grc' dir='ltr'>Ἀλλ’</span> <span class='ocrx_word' id='word_1_190' title='bbox 890 2802 968 2863; x_wconf 80' lang='grc' dir='ltr'>ἔτι</span> <span class='ocrx_word' id='word_1_191' title='bbox 1014 2801 1107 2864; x_wconf 80' lang='grc' dir='ltr'>καὶ</span> <span class='ocrx_word' id='word_1_192' title='bbox 1148 2805 1238 2863; x_wconf 80' lang='grc' dir='ltr'>νῦν</span> <span class='ocrx_word' id='word_1_193' title='bbox 1277 2793 1435 2865; x_wconf 79' lang='grc' dir='ltr'>ταῦτ’</span> <span class='ocrx_word' id='word_1_194' title='bbox 1474 2800 1647 2873; x_wconf 80' lang='grc' dir='ltr'>εἴποις</span> <span class='ocrx_word' id='word_1_195' title='bbox 1678 2795 1931 2881; x_wconf 71' lang='grc' dir='ltr'>Ἀχῖλῆϊ,</span> <span class='ocrx_word' id='word_1_196' title='bbox 1967 2834 2057 2843; x_wconf 86' lang='grc'><strong>-</strong></span> <span class='ocrx_word' id='word_1_197' title='bbox 2091 2822 2160 2871; x_wconf 88' lang='grc' dir='ltr'>ω,</span> <span class='ocrx_word' id='word_1_198' title='bbox 2195 2794 2352 2877; x_wconf 77' lang='grc'>491,</span> <span class='ocrx_word' id='word_1_199' title='bbox 2393 2792 2674 2872; x_wconf 81' lang='grc' dir='ltr'>Ἐξελθών</span> 
     </span>
     <span class='ocr_line' id='line_1_24' title="bbox 492 2900 2672 2991; baseline 0 -24"><span class='ocrx_word' id='word_1_200' title='bbox 492 2929 570 2981; x_wconf 89' lang='grc' dir='ltr'>τις</span> <span class='ocrx_word' id='word_1_201' title='bbox 596 2906 723 2970; x_wconf 78' lang='grc' dir='ltr'><strong>ἴδοι.</strong></span> <span class='ocrx_word' id='word_1_202' title='bbox 756 2904 926 2970; x_wconf 90' lang='lat' dir='ltr'>Mera</span> <span class='ocrx_word' id='word_1_203' title='bbox 956 2924 1217 2991; x_wconf 91' lang='lat' dir='ltr'>quoque</span> <span class='ocrx_word' id='word_1_204' title='bbox 1251 2909 1395 2969; x_wconf 86' lang='lat' dir='ltr'>vota</span> <span class='ocrx_word' id='word_1_205' title='bbox 1414 2901 1698 2990; x_wconf 87' lang='lat' dir='ltr'>optativo</span> <span class='ocrx_word' id='word_1_206' title='bbox 1728 2901 2212 2989; x_wconf 86' lang='lat' dir='ltr'>exprimuntur,</span> <span class='ocrx_word' id='word_1_207' title='bbox 2255 2900 2672 2987; x_wconf 90' lang='lat' dir='ltr'>conjunctivo</span> 
     </span>
     <span class='ocr_line' id='line_1_25' title="bbox 495 3002 2672 3093; baseline -0 -22"><span class='ocrx_word' id='word_1_208' title='bbox 495 3004 791 3073; x_wconf 90' lang='lat' dir='ltr'>minime.</span> <span class='ocrx_word' id='word_1_209' title='bbox 824 3007 951 3073; x_wconf 90' lang='lat' dir='ltr'>Nec</span> <span class='ocrx_word' id='word_1_210' title='bbox 992 3004 1216 3093; x_wconf 90' lang='lat' dir='ltr'>negari</span> <span class='ocrx_word' id='word_1_211' title='bbox 1242 3010 1455 3093; x_wconf 90' lang='lat' dir='ltr'>potest</span> <span class='ocrx_word' id='word_1_212' title='bbox 1497 3004 1827 3091; x_wconf 88' lang='lat' dir='ltr'>ejusmodi</span> <span class='ocrx_word' id='word_1_213' title='bbox 1857 3002 2241 3070; x_wconf 90' lang='lat' dir='ltr'>discrimina</span> <span class='ocrx_word' id='word_1_214' title='bbox 2267 3003 2349 3068; x_wconf 87' lang='lat' dir='ltr'>ad</span> <span class='ocrx_word' id='word_1_215' title='bbox 2373 3003 2672 3070; x_wconf 84' lang='lat' dir='ltr'>volunta-</span> 
     </span>
     <span class='ocr_line' id='line_1_26' title="bbox 494 3108 2676 3201; baseline -0.002 -22"><span class='ocrx_word' id='word_1_216' title='bbox 494 3112 577 3179; x_wconf 89' lang='lat' dir='ltr'>tis</span> <span class='ocrx_word' id='word_1_217' title='bbox 606 3118 671 3179; x_wconf 90' lang='lat' dir='ltr'>et</span> <span class='ocrx_word' id='word_1_218' title='bbox 702 3111 1031 3201; x_wconf 85' lang='lat' dir='ltr'>cupidinis</span> <span class='ocrx_word' id='word_1_219' title='bbox 1066 3111 1365 3179; x_wconf 91' lang='lat' dir='ltr'>notiones</span> <span class='ocrx_word' id='word_1_220' title='bbox 1411 3110 1603 3178; x_wconf 87' lang='lat' dir='ltr'>facile</span> <span class='ocrx_word' id='word_1_221' title='bbox 1641 3108 1956 3177; x_wconf 84' lang='lat' dir='ltr'>revocari.</span> <span class='ocrx_word' id='word_1_222' title='bbox 2005 3110 2127 3176; x_wconf 89' lang='lat' dir='ltr'>Sed</span> <span class='ocrx_word' id='word_1_223' title='bbox 2157 3108 2226 3174; x_wconf 93' lang='lat' dir='ltr'>hi</span> <span class='ocrx_word' id='word_1_224' title='bbox 2265 3114 2420 3175; x_wconf 86' lang='lat' dir='ltr'>sunt</span> <span class='ocrx_word' id='word_1_225' title='bbox 2449 3129 2676 3196; x_wconf 82' lang='lat' dir='ltr'>graecae</span> 
     </span>
     <span class='ocr_line' id='line_1_27' title="bbox 494 3213 2672 3308; baseline -0.003 -22"><span class='ocrx_word' id='word_1_226' title='bbox 494 3220 736 3308; x_wconf 79' lang='lat' dir='ltr'>linguae</span> <span class='ocrx_word' id='word_1_227' title='bbox 756 3220 1007 3287; x_wconf 91' lang='lat' dir='ltr'>colores</span> <span class='ocrx_word' id='word_1_228' title='bbox 1036 3218 1277 3307; x_wconf 89' lang='lat' dir='ltr'>quihus</span> <span class='ocrx_word' id='word_1_229' title='bbox 1314 3218 1608 3286; x_wconf 89' lang='lat' dir='ltr'>vedicam</span> <span class='ocrx_word' id='word_1_230' title='bbox 1639 3238 1771 3284; x_wconf 92' lang='lat' dir='ltr'>non</span> <span class='ocrx_word' id='word_1_231' title='bbox 1807 3217 2179 3285; x_wconf 80' lang='lat' dir='ltr'>distinctam</span> <span class='ocrx_word' id='word_1_232' title='bbox 2211 3237 2352 3284; x_wconf 90' lang='lat' dir='ltr'>esse</span> <span class='ocrx_word' id='word_1_233' title='bbox 2384 3216 2566 3301; x_wconf 86' lang='lat' dir='ltr'>satis,</span> <span class='ocrx_word' id='word_1_234' title='bbox 2604 3213 2672 3279; x_wconf 93' lang='lat' dir='ltr'>ni</span> 
     </span>
     <span class='ocr_line' id='line_1_28' title="bbox 495 3324 2672 3414; baseline -0.003 -20"><span class='ocrx_word' id='word_1_235' title='bbox 495 3327 711 3405; x_wconf 85' lang='lat' dir='ltr'>fallor,</span> <span class='ocrx_word' id='word_1_236' title='bbox 746 3326 1211 3395; x_wconf 89' lang='lat' dir='ltr'>demonstravi.</span> <span class='ocrx_word' id='word_1_237' title='bbox 1254 3326 1395 3393; x_wconf 79' lang='lat' dir='ltr'>Haec</span> <span class='ocrx_word' id='word_1_238' title='bbox 1435 3325 1638 3413; x_wconf 85' lang='lat' dir='ltr'>igitur</span> <span class='ocrx_word' id='word_1_239' title='bbox 1675 3324 1948 3413; x_wconf 83' lang='lat' dir='ltr'>quaestio</span> <span class='ocrx_word' id='word_1_240' title='bbox 1987 3324 2404 3414; x_wconf 84' lang='lat' dir='ltr'>proponitur,</span> <span class='ocrx_word' id='word_1_241' title='bbox 2444 3330 2672 3391; x_wconf 87' lang='lat' dir='ltr'>utrum</span> 
     </span>
     <span class='ocr_line' id='line_1_29' title="bbox 496 3428 2676 3523; baseline -0.003 -22"><span class='ocrx_word' id='word_1_242' title='bbox 496 3434 895 3523; x_wconf 88' lang='lat' dir='ltr'>exquisitum</span> <span class='ocrx_word' id='word_1_243' title='bbox 926 3433 1093 3500; x_wconf 93' lang='lat' dir='ltr'>illud</span> <span class='ocrx_word' id='word_1_244' title='bbox 1119 3452 1438 3499; x_wconf 89' lang='lat' dir='ltr'>sensuum</span> <span class='ocrx_word' id='word_1_245' title='bbox 1470 3430 1827 3497; x_wconf 89' lang='lat' dir='ltr'>discrimen</span> <span class='ocrx_word' id='word_1_246' title='bbox 1855 3453 1891 3496; x_wconf 89' lang='lat' dir='ltr'>a</span> <span class='ocrx_word' id='word_1_247' title='bbox 1917 3431 2130 3519; x_wconf 87' lang='lat' dir='ltr'>prima</span> <span class='ocrx_word' id='word_1_248' title='bbox 2159 3429 2425 3518; x_wconf 85' lang='lat' dir='ltr'>quidem</span> <span class='ocrx_word' id='word_1_249' title='bbox 2457 3428 2676 3495; x_wconf 88' lang='lat' dir='ltr'>modo-</span> 
     </span>
     <span class='ocr_line' id='line_1_30' title="bbox 495 3534 2671 3629; baseline -0.004 -20"><span class='ocrx_word' id='word_1_250' title='bbox 495 3563 649 3609; x_wconf 91' lang='lat' dir='ltr'>rum</span> <span class='ocrx_word' id='word_1_251' title='bbox 685 3542 935 3629; x_wconf 85' lang='lat' dir='ltr'>origine</span> <span class='ocrx_word' id='word_1_252' title='bbox 966 3540 1307 3619; x_wconf 82' lang='lat' dir='ltr'>exstiterit‚</span> <span class='ocrx_word' id='word_1_253' title='bbox 1357 3540 1428 3605; x_wconf 90' lang='lat' dir='ltr'>in</span> <span class='ocrx_word' id='word_1_254' title='bbox 1464 3538 1691 3607; x_wconf 84' lang='lat' dir='ltr'>vedica</span> <span class='ocrx_word' id='word_1_255' title='bbox 1731 3544 1954 3606; x_wconf 85' lang='lat' dir='ltr'>autem</span> <span class='ocrx_word' id='word_1_256' title='bbox 1985 3538 2211 3627; x_wconf 87' lang='lat' dir='ltr'>lingua</span> <span class='ocrx_word' id='word_1_257' title='bbox 2258 3534 2671 3613; x_wconf 83' lang='lat' dir='ltr'>obsoleverit,</span> 
     </span>
     <span class='ocr_line' id='line_1_31' title="bbox 497 3646 2678 3737; baseline -0.003 -21"><span class='ocrx_word' id='word_1_258' title='bbox 497 3670 578 3716; x_wconf 88' lang='lat' dir='ltr'>an</span> <span class='ocrx_word' id='word_1_259' title='bbox 608 3649 916 3716; x_wconf 90' lang='lat' dir='ltr'>confusos</span> <span class='ocrx_word' id='word_1_260' title='bbox 947 3648 1257 3737; x_wconf 87' lang='lat' dir='ltr'>primitus</span> <span class='ocrx_word' id='word_1_261' title='bbox 1287 3668 1521 3715; x_wconf 90' lang='lat' dir='ltr'>sensus</span> <span class='ocrx_word' id='word_1_262' title='bbox 1566 3667 1773 3735; x_wconf 80' lang='lat' dir='ltr'>graeca</span> <span class='ocrx_word' id='word_1_263' title='bbox 1826 3646 2074 3733; x_wconf 87' lang='lat' dir='ltr'>lingua,</span> <span class='ocrx_word' id='word_1_264' title='bbox 2125 3666 2476 3734; x_wconf 86' lang='lat' dir='ltr'>progressu</span> <span class='ocrx_word' id='word_1_265' title='bbox 2524 3665 2678 3732; x_wconf 91' lang='lat' dir='ltr'>quo-</span> 
     </span>
     <span class='ocr_line' id='line_1_32' title="bbox 495 3748 2671 3842; baseline -0.004 -19"><span class='ocrx_word' id='word_1_266' title='bbox 495 3755 647 3823; x_wconf 88' lang='lat' dir='ltr'>dam</span> <span class='ocrx_word' id='word_1_267' title='bbox 677 3754 1025 3832; x_wconf 89' lang='lat' dir='ltr'>sermonis,</span> <span class='ocrx_word' id='word_1_268' title='bbox 1058 3755 1231 3822; x_wconf 87' lang='lat' dir='ltr'>inter</span> <span class='ocrx_word' id='word_1_269' title='bbox 1268 3752 1763 3842; x_wconf 87' lang='lat' dir='ltr'>conjunctivum</span> <span class='ocrx_word' id='word_1_270' title='bbox 1791 3757 1857 3819; x_wconf 89' lang='lat' dir='ltr'>et</span> <span class='ocrx_word' id='word_1_271' title='bbox 1894 3751 2257 3840; x_wconf 86' lang='lat' dir='ltr'>optativum</span> <span class='ocrx_word' id='word_1_272' title='bbox 2290 3750 2529 3840; x_wconf 86' lang='lat' dir='ltr'>partita</span> <span class='ocrx_word' id='word_1_273' title='bbox 2564 3748 2671 3815; x_wconf 86' lang='lat' dir='ltr'>sit.</span> 
     </span>
     <span class='ocr_line' id='line_1_33' title="bbox 494 3854 2675 3952; baseline -0.005 -23"><span class='ocrx_word' id='word_1_274' title='bbox 494 3863 540 3929; x_wconf 93' lang='lat' dir='ltr'>E</span> <span class='ocrx_word' id='word_1_275' title='bbox 576 3863 819 3952; x_wconf 90' lang='lat' dir='ltr'>quibus</span> <span class='ocrx_word' id='word_1_276' title='bbox 874 3862 1216 3931; x_wconf 90' lang='lat' dir='ltr'>sententiis</span> <span class='ocrx_word' id='word_1_277' title='bbox 1256 3868 1403 3928; x_wconf 90' lang='lat' dir='ltr'>utra</span> <span class='ocrx_word' id='word_1_278' title='bbox 1438 3883 1480 3926; x_wconf 87' lang='lat' dir='ltr'>a</span> <span class='ocrx_word' id='word_1_279' title='bbox 1514 3862 1740 3946; x_wconf 79' lang='lat' dir='ltr'>priori</span> <span class='ocrx_word' id='word_1_280' title='bbox 1776 3858 1862 3925; x_wconf 91' lang='lat' dir='ltr'>sit</span> <span class='ocrx_word' id='word_1_281' title='bbox 1910 3858 2354 3935; x_wconf 87' lang='lat' dir='ltr'>verisimilior,</span> <span class='ocrx_word' id='word_1_282' title='bbox 2390 3854 2675 3924; x_wconf 84' lang='lat' dir='ltr'>viderint</span> 
     </span>
     <span class='ocr_line' id='line_1_34' title="bbox 495 3964 2672 4059; baseline -0.005 -21"><span class='ocrx_word' id='word_1_283' title='bbox 495 3972 607 4059; x_wconf 91' lang='lat' dir='ltr'>qui</span> <span class='ocrx_word' id='word_1_284' title='bbox 644 3970 1067 4039; x_wconf 88' lang='lat' dir='ltr'>meminerint</span> <span class='ocrx_word' id='word_1_285' title='bbox 1113 3991 1241 4059; x_wconf 89' lang='lat' dir='ltr'>qua</span> <span class='ocrx_word' id='word_1_286' title='bbox 1282 3968 1606 4057; x_wconf 86' lang='lat' dir='ltr'>exquisita</span> <span class='ocrx_word' id='word_1_287' title='bbox 1661 3965 2044 4035; x_wconf 83' lang='lat' dir='ltr'>arte&#39;Graeci</span> <span class='ocrx_word' id='word_1_288' title='bbox 2086 3967 2317 4033; x_wconf 90' lang='lat' dir='ltr'>formis</span> <span class='ocrx_word' id='word_1_289' title='bbox 2363 3964 2672 4054; x_wconf 84' lang='lat' dir='ltr'>primitus</span> 
     </span>
     <span class='ocr_line' id='line_1_35' title="bbox 493 4070 2672 4167; baseline -0.003 -23"><span class='ocrx_word' id='word_1_290' title='bbox 493 4078 669 4145; x_wconf 91' lang='lat' dir='ltr'>idem</span> <span class='ocrx_word' id='word_1_291' title='bbox 707 4077 1227 4167; x_wconf 86' lang='lat' dir='ltr'>significantibus</span> <span class='ocrx_word' id='word_1_292' title='bbox 1273 4075 1488 4144; x_wconf 89' lang='lat' dir='ltr'>varios</span> <span class='ocrx_word' id='word_1_293' title='bbox 1535 4074 1838 4143; x_wconf 87' lang='lat' dir='ltr'>noverint</span> <span class='ocrx_word' id='word_1_294' title='bbox 1887 4096 2118 4141; x_wconf 89' lang='lat' dir='ltr'>sensus</span> <span class='ocrx_word' id='word_1_295' title='bbox 2167 4073 2510 4160; x_wconf 89' lang='lat' dir='ltr'>subjicere.</span> <span class='ocrx_word' id='word_1_296' title='bbox 2551 4070 2672 4137; x_wconf 89' lang='lat' dir='ltr'>Sed</span> 
     </span>
     <span class='ocr_line' id='line_1_36' title="bbox 495 4180 2674 4276; baseline -0.003 -24"><span class='ocrx_word' id='word_1_297' title='bbox 495 4185 563 4253; x_wconf 92' lang='lat' dir='ltr'>in</span> <span class='ocrx_word' id='word_1_298' title='bbox 616 4188 739 4254; x_wconf 91' lang='lat' dir='ltr'>hac</span> <span class='ocrx_word' id='word_1_299' title='bbox 784 4186 1139 4276; x_wconf 86' lang='lat' dir='ltr'>quaestione</span> <span class='ocrx_word' id='word_1_300' title='bbox 1202 4184 1487 4251; x_wconf 88' lang='lat' dir='ltr'>versanti</span> <span class='ocrx_word' id='word_1_301' title='bbox 1535 4182 1700 4249; x_wconf 93' lang='lat' dir='ltr'>mihi</span> <span class='ocrx_word' id='word_1_302' title='bbox 1746 4204 1828 4249; x_wconf 90' lang='lat' dir='ltr'>ne</span> <span class='ocrx_word' id='word_1_303' title='bbox 1879 4181 2044 4249; x_wconf 91' lang='lat' dir='ltr'>duas</span> <span class='ocrx_word' id='word_1_304' title='bbox 2099 4181 2365 4269; x_wconf 90' lang='lat' dir='ltr'>quidem</span> <span class='ocrx_word' id='word_1_305' title='bbox 2415 4180 2674 4267; x_wconf 83' lang='lat' dir='ltr'>linguas</span> 
     </span>
     <span class='ocr_line' id='line_1_37' title="bbox 495 4287 2678 4384; baseline -0.003 -24"><span class='ocrx_word' id='word_1_306' title='bbox 495 4294 819 4384; x_wconf 89' lang='lat' dir='ltr'>respicere</span> <span class='ocrx_word' id='word_1_307' title='bbox 856 4293 1014 4362; x_wconf 86' lang='lat' dir='ltr'>satis</span> <span class='ocrx_word' id='word_1_308' title='bbox 1060 4298 1183 4363; x_wconf 79' lang='lat' dir='ltr'>est.</span> <span class='ocrx_word' id='word_1_309' title='bbox 1229 4293 1561 4361; x_wconf 90' lang='lat' dir='ltr'>Lectorem</span> <span class='ocrx_word' id='word_1_310' title='bbox 1594 4289 1800 4378; x_wconf 87' lang='lat' dir='ltr'>igitur</span> <span class='ocrx_word' id='word_1_311' title='bbox 1825 4287 2061 4357; x_wconf 84' lang='lat' dir='ltr'>moneo</span> <span class='ocrx_word' id='word_1_312' title='bbox 2086 4288 2578 4377; x_wconf 87' lang='lat' dir='ltr'>conjunctivum</span> <span class='ocrx_word' id='word_1_313' title='bbox 2613 4291 2678 4354; x_wconf 86' lang='lat' dir='ltr'>et</span> 
     </span>
    </p>
   </div>
  </div>
 </body>
</html>
