3234 5150
1601 439 1812 494 —too
1851 469 1920 480 -·

754 561 841 629 De
868 561 1215 630 abstractis
1239 562 1624 631 nominibus
1649 562 1886 650 {adhuc
1913 563 2118 631 tacui.
2159 562 2314 639 Quae
2347 562 2526 629 haud
2555 581 2746 630 secus
2775 583 2853 630 ac

670 668 864 740 verba
883 675 948 737 et
984 668 1330 758 adjectiva,
1364 669 1733 761 participia,
1779 676 1935 747 cet.‚
1979 669 2262 739 verbalis
2291 667 2538 736 radicis
2575 689 2850 736 sensum

667 769 999 867 integrum
1033 780 1480 842 servaverunt.
1522 771 2006 840 Pronominalis
2035 781 2254 840 autem
2291 771 2500 851 radix,
2539 770 2854 860 primitus

667 878 1206 966 demonstrativa,
1242 889 1312 950 ut
1341 879 1410 948 in
1440 881 1639 950 verbo
1659 875 1761 948 'ad
1791 901 2224 968 personarum
2261 879 2644 958 discrimen,
2677 885 2741 948 et
2783 878 2854 946 in

665 986 1027 1075 adjectiviS,
1095 987 1485 1078 participiiS,
1551 989 1631 1056 ad
1689 987 1904 1057 varios
1953 988 2326 1056 intellectus
2389 986 2854 1078 exprimendos

662 1095 1153 1164 accommodata
1196 1101 1319 1174 est,
1362 1095 1467 1168 ,ita
1503 1095 1573 1162 in
1604 1095 1954 1164 abstractis
1997 1094 2253 1163 infinito
2291 1093 2670 1184 pronomini
2704 1115 2856 1184 pro·

662 1201 808 1290 pior
835 1202 1005 1274 facta
1035 1223 1178 1272 esse
1204 1202 1485 1272 videtur.
1508 1203 1826 1292 Equidem
1848 1223 1966 1293 ego
1996 1203 2172 1273 haud
2195 1203 2387 1271 aliter
2412 1201 2707 1290 intelligo
2733 1223 2855 1274 cur

663 1309 799 1378 haec
842 1310 1134 1390 nomina,
1190 1309 1491 1400 quamvis
1536 1332 1934 1400 pronomen,
1996 1311 2061 1378 id
2093 1317 2192 1380 est
2237 1310 2516 1400 subjecti
2559 1309 2852 1399 signum,

660 1417 1061 1497 contineant,
1092 1418 1419 1487 actionem
1451 1424 1565 1486 aut
1596 1419 1981 1508 qualitatem
2009 1426 2084 1487 ut
2115 1439 2232 1508 per
2272 1439 2341 1488 se
2369 1422 2678 1497 stantem,
2717 1439 2852 1486 non

662 1532 735 1594 ut
778 1524 1056 1614 subjecti
1093 1525 1443 1615 cujusdam
1491 1526 1828 1616 propriam
1878 1525 2274 1616 significent.
2307 1526 2390 1600 ‚Id
2433 1548 2642 1616 genus
2696 1530 2854 1594 sunt

663 1633 931 1702 nomina
962 1634 1263 1713 actioniS,
1299 1630 1640 1723 qualitatis
1675 1641 1738 1706 et
1767 1657 1914 1723 quae
1941 1634 2139 1705 verbo
2167 1634 2465 1725 proxime
2495 1634 2842 1711 accedunt,

662 1739 1004 1821 infinitivi,
1068 1741 1299 1831 supina
1348 1748 1412 1810 ct
1457 1742 1842 1832 gerundiva.
1887 1743 2134 1811 Horum
2181 1764 2443 1832 quoque
2495 1743 2629 1809 fere
2672 1741 2846 1816 idem

660 1853 857 1938 atque
882 1847 1065 1918 verbi
1088 1849 1457 1918 formarum
1493 1870 1657 1918 usus
1693 1869 1838 1918 esse
1878 1856 2113 1940 potest.
2165 1849 2349 1926 Quod
2387 1847 2674 1925 enimin
2697 1848 2848 1938 Rigv

658 1955 827 2024 Veda
870 1957 992 2038 Vll,
1046 1958 1154 2035 81,
1188 1959 1227 2026 5
1256 1957 1677 2048 conjunctivo
1723 1956 2430 2048 expressum-legimus
2486 1959 2598 2024 tctd
2647 1970 2848 2024 νᾱευα

598 2074 604 2080 ’
659 2061 1256 2152 bhundjamaltai·«
1306 2065 1437 2132 Hoc
1480 2063 1561 2133 da
1610 2071 1684 2132 ut
1731 2064 2100 2134 fruamur»
2153 2064 2264 2153 (cf.
2313 2086 2514 2153 supra
2566 2087 2631 2154 p.
2681 2063 2844 2152 59),

658 2169 745 2237 id·
786 2169 1109 2240 infinitivo
1160 2176 1277 2238 aut
1324 2171 1541 2239 dativo
1602 2171 1896 2240 nominis
1947 2171 2222 2240 actionis
2276 2171 2521 2262 pariter
2565 2171 2845 2262 exprimi

658 2275 913 2366 potuit:
943 2279 1059 2344 cdd
1082 2290 1284 2344 rc‘zsva
1312 2279 1574 2366 bhujet«
1603 2279 1733 2346 Hoc
1769 2278 1850 2347 da
1880 2281 2200 2368 fruitiom‘
2233 2305 2295 2360 »,
2337 2279 2572 2368 gallice
2609 2305 2641 2343 «
2671 2298 2843 2367 pour

656 2405 740 2470 cn
767 2382 948 2476 jouir
982 2409 1043 2448 ».
1085 2385 1291 2474 Hujus
1320 2383 1499 2452 enim
1542 2383 2004 2474 descriptionis
2051 2385 2388 2454 sententiae
2427 2385 2495 2452 in
2526 2383 2846 2474 Rig-Veda

655 2488 1030 2564 innumerae-
1065 2493 1343 2570 sunt‚.l‚
1395 2493 1548 2574 127,
1600 2494 1639 2561 8
1820 2504 1928 2562 ἰυᾱ
2111 2495 2474 2562 havamahe
2649 2493 2850 2583 bhujc‘

660 2600 807 2669 «Te
842 2600 1230 2670 invocamus
1257 2603 1579 2689 fruitioni
1611 2628 1673 2682 »,
1706 2608 1832 2670 cet.
2837 2638 2842 2646 ·

738 2707 1007 2778 Formas
1052 2707 1425 2789 nominales
1476 2730 1594 2799 pro
1641 2710 1838 2777 verbo
1886 2717 2238 2799 usurpatas
2275 2710 2417 2799 jam
2465 2709 2637 2779 inter
2677 2709 2844 2777 duas

654 2818 922 2896 classes,
947 2822 1253 2885 concreta
1280 2822 1344 2885 et
1370 2816 1696 2885 abstracta
1739 2816 2032 2897 nomina,
2060 2816 2302 2886 divisas
2333 2818 2839 2886 habemus.1mo

651 2926 945 3015 exempla
969 2926 1267 3015 priorum
1306 2923 1670 3004 indicativi,
1705 2923 2149 3013 posteriorum
2187 2924 2593 3014 conjunctivi
2625 2924 2847 2993 vicem-

653 3034 1057 3125 explentium
1088 3033 1341 3124 prolata
1372 3039 1549 3103 sunt.
1570 3033 1758 3101 Nunc
1780 3040 2003 3102 autem
2033 3032 2381 3123 utriusque
2407 3032 2640 3102 classis
2674 3054 2848 3101 usus·

654 3141 855 3210 altius
885 3140 1298 3230 indagandus
1320 3147 1419 3209 est
1441 3147 1507 3208 et
1530 3139 1748 3208 fusius
1777 3139 2308 3231 pertractandus.

738 3252 899 3319 Ante
941 3248 1164 3318 omnia
1194 3248 1850 3319 animadvertendum
1905 3256 2032 3333 est,
2087 3250 2261 3317 inter
2311 3248 2425 3315 illa
2464 3248 2543 3317 de
2594 3248 2844 3338 quibus·

654 3357 761 3425 hic
813 3356 1071 3447 agimus
1123 3363 1427 3425 concreta
1468 3357 1740 3424 nomina
1795 3356 2148 3446 (adjectiva
2196 3356 2342 3424 dico
2389 3356 2836 3446 et-participia

654 3466 874 3536 omnia
931 3465 1289 3534 dummodo
1363 3485 1481 3556 pro
1559 3465 1987 3533 substantivis
2073 3488 2206 3534 non
2283 3465 2711 3555 usurpentur)
2771 3472 2838 3533 et

652 3575 976 3645 abstracta
1015 3574 1286 3643 nomina
1318 3575 1489 3664 (quae
1518 3574 1740 3642 omnia
1761 3573 2172 3643 substantiva
2195 3574 2402 3662 sunt),
2439 3575 2564 3641 hoc
2594 3574 2848 3663 gravis--

650 3684 897 3751 simum
954 3682 1332 3751 discrimen'
1376 3682 1716 3762 interesse,
1777 3681 1952 3769 quod
1975 3680 2366 3771 'posteriora
2411 3702 2670 3771 semper
2710 3704 2836 3769 per

650 3794 953 3877 sestam,
990 3795 1053 3856 et
1102 3788 1174 3855 in
1226 3787 1688 3877 cujuscunque
1739 3809 1932 3856 casus
1985 3789 2196 3856 forma
2240 3810 2356 3878 per
2401 3810 2470 3856 se
2523 3790 2847 3879 usurpari·

650 3902 949 3986 possunt,
983 3894 1203 3984 priora
1240 3902 1459 3963 autem
1503 3917 1764 3984 semper
1791 3917 1825 3964 e
1855 3895 2262 3964 substantivo
2299 3904 2414 3964 aut
2443 3898 2830 3985 pronomine

648 4004 935 4095 quodam
972 4001 1067 4071 rei
1121 4010 1234 4072 aut
1278 4024 1570 4093 personae
1625 4003 1869 4072 indicio
1919 4004 2227 4092 pendent,
2285 4011 2348 4071 et
2401 4004 2483 4072 ad
2531 4006 2826 4095 ejusdcm

647 4109 1527 4179 casumaccommodantur.
1568 4111 1657 4177 Ex
1705 4112 1828 4178 hoc
1873 4109 2254 4177 discrimine
2289 4109 2450 4200 quid
2499 4111 2845 4180 efficiatur,

647 4240 825 4305 nunc
852 4217 1332 4309 introspiciam‚
1360 4216 1551 4307 prius
1581 4216 1650 4285 in
1679 4216 2033 4297 concrctiS,
2071 4216 2400 4307 posterius
2419 4218 2505 4285 *in
2535 4206 2848 4288 abstrac-³¹

646 4320 730 4390 tis
758 4322 1163 4391 nominibus.
