3234 5150
1582 450 1901 506 -150-

684 580 691 584 ’
736 578 819 645 De
852 576 1204 644 indicativo
1247 583 1464 645 autem
1510 579 1810 666 quaestiO,
1855 587 1930 648 ut
1961 585 2417 670 praenuntiavi,
2461 593 2670 680 magis
2703 593 2826 660 im-

646 684 884 773 plicata
926 684 1159 753 oritur.
1197 685 1356 750 Nam
1387 685 1632 773 quintae
1659 686 1924 774 quidem
1973 689 2204 759 classis
2253 695 2540 765 themata
2585 699 2653 766 in
2701 724 2817 780 nu,

643 791 921 880 exempli
949 813 1169 870 causa,
1202 793 1523 870 drish-nzt,
1563 813 1598 860 e
1627 793 1846 860 radice
1880 797 2065 862 drish
2097 824 2129 860 «
2158 800 2398 870 audere
2426 829 2488 877 »,
2526 805 2664 874 sine
2703 808 2823 874 du-

639 896 747 963 bio
777 897 1043 965 nomina
1064 904 1220 964 sunt
1247 897 1519 986 agentia,
1561 899 1737 987 quod
1768 899 1944 967 idem
1976 903 2196 971 thema
2225 909 2577 978 dhrish-nzz
2607 921 2820 981 osten-

640 1002 757 1081 dit,
792 1009 866 1070 ut
893 1003 1286 1092 adjectivum
1326 1005 1660 1072 «audax»
1711 1015 2140 1096 usurpatum3
2176 1021 2367 1082 sextae
2407 1025 2626 1086 autem
2653 1021 2820 1088 clas-

638 1111 729 1177 sis
762 1113 1051 1178 themata
1096 1112 1165 1178 in
1198 1113 1487 1180 vocalem
1531 1120 1597 1190 ά,
1650 1114 1914 1199 brevem
1947 1123 2011 1184 ct
2032 1118 2375 1201 elevatam,
2421 1124 2810 1207 desinentia,

633 1239 731 1284 ex.
766 1239 963 1285 causa
989 1219 1204 1306 serj-ci,
1247 1219 1629 1286 nominibus
1659 1221 1908 1308 agentis
1943 1223 2366 1296 assimilanda
2391 1251 2532 1299 esse
2557 1255 2592 1301 e
2627 1255 2816 1324 supe-

631 1324 804 1392 riore
839 1326 1279 1415 disputatione
1302 1327 1382 1394 de
1417 1326 1804 1394 suffixarum
1835 1352 1901 1413 a,
1934 1342 2000 1407 ᾱ,
2033 1354 2144 1418 ya,
2184 1347 2272 1421 yc‘z
2308 1357 2433 1403 usu
2463 1339 2812 1409 manifesto

632 1439 919 1522 apparet.
950 1433 1071 1500 Sed
1106 1432 1318 1500 eidem
1367 1433 1796 1522 disputationi
1838 1438 2300 1509 convenienter
2349 1445 2635 1512 themata
2681 1447 2815 1537 pri-

630 1560 754 1606 mae
784 1539 1037 1616 classis,
1069 1539 1300 1606 suffixa
1328 1539 1595 1628 quidem
1621 1564 1663 1606 a
1696 1541 1875 1609 brevi
1900 1543 2282 1624 informata,
2318 1550 2558 1619 radicis
2588 1562 2808 1622 autem

628 1646 921 1714 vocalem
952 1646 1266 1714 elevatam
1306 1648 1706 1722 exhibentia,
1749 1656 1812 1716 et
1861 1652 2146 1719 themata
2188 1663 2440 1741 quartae
2469 1659 2698 1728 classis
2740 1663 2810 1729 in

626 1777 713 1842 ’μα
744 1753 1130 1832 desinentia,
1174 1754 1542 1821 necessalio
1590 1777 1710 1843 pro
1751 1757 2132 1825 nominibus
2182 1762 2458 1830 actionis
2509 1767 2807 1836 habenda

626 1869 803 1930 sunt.
837 1861 1146 1927 Themata
1176 1861 1473 1927 secundae
1512 1861 1767 1938 classis,
1804 1885 1949 1951 quae
1979 1873 2135 1932 sunt
2162 1868 2415 1938 radices
2445 1874 2659 1972 nudae,
2698 1899 2809 1944 no-

626 1968 804 2034 mina
854 1967 1128 2034 actionis
1175 1967 1419 2056 pariter
1460 1975 1523 2034 et
1572 1968 1842 2036 nomina
1888 1972 2136 2058 agentis
2177 1995 2320 2042 esse
2373 1988 2671 2066 possunt.
2718 1984 2807 2051 De

624 2077 857 2144 ceteris
885 2077 1223 2170 praesentis
1258 2076 1656 2144 thematibus
1703 2084 1768 2144 et
1813 2079 1894 2146 de
1937 2082 2169 2149 ceteris
2212 2087 2618 2174 temporibus
2659 2113 2804 2179 quae

624 2185 846 2250 minus
882 2192 1102 2272 aperte
1136 2183 1217 2250 ad
1251 2183 1515 2250 definita
1558 2184 1906 2251 nominum
1956 2209 2192 2274 genera
2229 2190 2460 2259 referri
2499 2205 2799 2283 possunt,

623 2291 791 2358 nihil
837 2290 1211 2358 addendum
1250 2291 1573 2357 existimo.
1609 2291 1940 2380 Quidquid
1983 2294 2162 2361 enim
2195 2296 2272 2365 de
2309 2299 2390 2365 iis
2430 2302 2802 2389 judicatum

622 2399 770 2475 erit,
791 2419 923 2464 non
944 2397 1085 2464 fieri
1107 2397 1342 2485 poterit
1363 2403 1434 2463 ut
1456 2419 1491 2463 a
1514 2404 1798 2486 quatuor
1823 2402 2159 2488 praesentis
2181 2405 2502 2475 classibus
2525 2410 2803 2482 deducta

625 2507 763 2572 haec
798 2503 1132 2571 conclusio
1174 2504 1592 2571 infirmetur:
1635 2527 1870 2596 nempe
1918 2507 1988 2575 in
2030 2508 2365 2581 indicativi
2398 2517 2802 2589 thematibus

623 2635 754 2680 non
777 2612 1044 2679 nomina
1070 2612 1320 2700 agentis
1346 2618 1632 2695 tantum,
1665 2613 1778 2681 sed
1805 2615 2001 2681 ctiam
2027 2618 2295 2686 nomina
2327 2623 2601 2691 actionis
2627 2648 2803 2718 repe-

620 2718 762 2785 riri
793 2720 959 2784 Num
987 2726 1207 2785 autem
1237 2740 1311 2785 ca
1338 2717 1417 2785 de
1442 2740 1640 2786 causa
1666 2720 1900 2808 despei
1903 2721 2149 2789 andum
2177 2731 2277 2792 est
2308 2727 2447 2797 fore
2471 2737 2544 2797 ut
2570 2754 2801 2824 propo-

624 2825 747 2892 sita
772 2825 852 2891 de
882 2824 1281 2913 conjunctivi
1308 2832 1369 2891 et
1400 2826 1668 2913 optativi
1703 2826 1953 2915 origine
1984 2829 2258 2917 quaestio
2288 2854 2404 2921 per
2427 2857 2572 2903 eam
2599 2860 2798 2926 quam

620 2931 895 2998 iniimus
930 2932 1103 2998 viam
1134 2931 1545 2999 resolvatur?
1573 2932 1838 3001 Minime
1872 2957 2056 3016 vero;
2095 2961 2302 3009 unum
2331 2943 2506 3010 enim
2531 2947 2697 3035 jam,
2736 2956 2801 3016 et

620 3036 688 3103 id
715 3036 985 3104 maximi
1017 3038 1359 3113 momenti,
1388 3046 1798 3127 compertum
1822 3042 2165 3126 habemus,
2193 3047 2273 3113 ad
2303 3048 2797 3121 informandum

620 3141 983 3228 genuinum
1036 3141 1529 3261 conjunctivum
1588 3150 1702 3209 aut
1751 3146 2111 3232 optativum
2155 3152 2437 3221 themata
2482 3164 2796 3247 usurpata

620 3268 762 3314 esse
794 3247 979 3314 nulla
1005 3247 1133 3314 nisi
1161 3248 1512 3315 nominum
1543 3251 1841 3319 actionis
1870 3254 2006 3320 Non
2037 3263 2257 3324 autem
2285 3281 2547 3349 sperare
2573 3264 2798 3332 debui-

621 3375 770 3420 mus
802 3340 941 3420 fore
973 3360 1045 3420 ut
1077 3354 1494 3433 indicativuS,
1530 3358 1741 3425 multo
1764 3360 2064 3448 pluribus
2090 3362 2580 3437 informationis
2608 3393 2797 3459 gone-

617 3461 803 3527 ribus
833 3460 1205 3538 distinctuS‚
1230 3469 1408 3530 tanta
1431 3464 1850 3553 simplicitate
1875 3467 1956 3534 ad
1981 3490 2192 3536 unum
2214 3473 2560 3543 nominum
2589 3500 2796 3565 genus

618 3568 909 3635 revocari
941 3574 1178 3657 posset.
1217 3569 1327 3635 Vel
1366 3570 1435 3635 in
1471 3572 1890 3659 conjunctivo
1938 3578 2369 3665 paucissimas
2398 3582 2643 3652 formas
2677 3608 2794 3674 pro

616 3676 924 3764 genuinis
974 3675 1353 3754 habuimus„
1398 3685 1644 3745 ceteras
1697 3682 2062 3750 secundum
2111 3685 2380 3755 illarum
2425 3690 2793 3780 analogiam

617 3788 795 3848 ortas
822 3802 963 3849 esse
1000 3782 1427 3851 asseruimus.
1464 3784 1600 3862 llic,
1633 3786 1860 3866 fateor,
1889 3790 2080 3859 aliter
2109 3815 2177 3861 se
2207 3816 2311 3862 res
2341 3795 2558 3877 habet,
2585 3820 2792 3887 quum

613 3888 899 3955 themata
929 3888 1159 3977 primae
1189 3896 1253 3968 et
1282 3897 1532 3978 quartae
1553 3892 1783 3961 classis
1817 3895 1957 3964 sine
1985 3899 2182 3967 dubio
2214 3902 2522 3989 genuina,
2549 3926 2680 3971 non
2703 3927 2794 3973 se-

614 3994 907 4062 cundum
960 3995 1245 4063 aliorum
1304 3997 1672 4086 analogiam
1724 4009 1865 4069 orta
1911 4004 2063 4071 sint.
2123 4006 2244 4074 Sed
2292 4008 2420 4076 alia
2471 4013 2792 4079 sermonis

612 4100 715 4167 lex
765 4102 1168 4191 respicienda
1216 4110 1339 4182 est,
1388 4128 1586 4193 quam
1637 4108 2009 4196 partitionis
2053 4119 2310 4197 vocant,
2361 4137 2487 4203 qua
2531 4117 2794 4205 jamdu-

614 4207 770 4274 dum
808 4210 1158 4278 modorum
1189 4212 1508 4299 originem
1538 4216 1990 4302 explicandam
2021 4220 2460 4308 suspicamur.
2492 4223 2622 4289 Hac
2654 4223 2792 4312 ipse

612 4312 869 4383 Curtius
890 4318 1099 4386 utitur
1129 4318 1208 4385 ad
1240 4320 1574 4408 propriam
1603 4321 2209 4410 interpretationem
2239 4328 2550 4394 tuendam
2573 4330 2792 4417 (Chr-o-
