3234 5150
1550 423 1615 434 ο-
1659 393 1758 448 110
1795 425 1861 434 —-

621 538 699 584 ex
727 519 850 586 hoc
882 517 1024 607 ipso
1048 518 1433 587 discrimine
1466 525 1563 597 ut,
1586 518 1811 587 audito
1835 517 2129 586 nominis
2161 515 2444 586 actionis
2478 517 2789 592 themate,

621 625 850 695 relatio
879 625 1184 715 quaedam
1223 627 1499 695 actionis
1544 628 1747 716 hujus
1791 648 1944 694 cum
1989 627 2218 703 altera,
2279 625 2333 694 si
2383 624 2608 693 minus
2645 623 2806 692 defi-⁴

619 734 943 804 cientibus
1008 758 1283 804 casuum
1351 737 1931 806 terminationibus
2001 756 2301 827 expressa
2374 734 2796 827 reperiretur,

620 844 985 912 necessaria
1011 851 1233 913 tamen
1271 845 1557 933 quadam
1596 845 1738 934 lege
1773 844 2539 934 exspectaretur3audito
2584 848 2804 911 autem

623 952 909 1019 concreti
936 952 1224 1020 nominis
1267 947 1577 1031 themate,
1636 952 1972 1043 praedicati
2007 952 2219 1021 vicem
2261 953 2583 1042 explente,
2619 950 2800 1018 nulla

626 1058 881 1136 relatio,
914 1059 1229 1128 directam
1259 1059 1405 1128 dico
1434 1067 1498 1129 et
1536 1059 1944 1139 continuam,
1985 1064 2469 1149 exspectaretur
2496 1059 2626 1126 nisi
2651 1080 2805 1127 cum

629 1165 921 1253 subjecto
946 1167 1256 1256 quodam,
1283 1167 1486 1235 altera
1522 1188 1675 1235 vero
1705 1167 1961 1246 relatio,
1987 1167 2044 1234 si
2076 1189 2204 1258 qua
2234 1173 2407 1235 esset
2424 1188 2576 1234 cum
2604 1166 2809 1236 altero

629 1273 1009 1364 praedicat0‚
1046 1281 1273 1364 utpote
1302 1295 1343 1343 6
1376 1275 1588 1343 forma
1645 1295 1779 1344 non
1827 1280 2218 1364 exspectata,
2263 1273 2376 1342 sed
2416 1273 2604 1362 quasi
2647 1273 2814 1341 obli-

631 1401 786 1470 qua,
839 1382 1176 1450 sententiae
1227 1388 1488 1451 tantum
1533 1382 1736 1452 totius
1777 1389 2002 1452 tenore
2055 1380 2315 1472 suggeri
2366 1387 2607 1472 posset.
2658 1380 2815 1448 Jure

633 1489 859 1579 igitur,
896 1489 965 1556 ni
1001 1489 1219 1568 fallor,
1256 1491 1756 1570 concludamuS,
1784 1491 1886 1559 vel
1914 1489 2307 1581 priusquam
2332 1511 2527 1557 casus
2566 1487 2816 1556 inventi
2891 1578 2894 1581 -

636 1603 875 1675 essent,
935 1597 1205 1666 nomina
1257 1603 1563 1666 concreta
1627 1597 1836 1687 magis
1886 1597 1966 1664 ad
2013 1596 2517 1665 affirmationem
2591 1617 2707 1686 per
2748 1615 2819 1662 se

638 1711 943 1784 stantem,
981 1703 1302 1774 abstracta
1355 1712 1575 1774 autem
1611 1705 1820 1794 magis
1851 1705 1934 1772 ad
1972 1704 2476 1773 affirmationem
2511 1725 2588 1772 ex
2612 1703 2816 1771 altera

636 1811 1026 1902 pendentem
1056 1812 1548 1902 exprimendam
1580 1811 2070 1880 accommodata
2101 1812 2328 1880 fuisse.

728 1918 774 1986 E
819 1921 1167 1988 modorum
1211 1921 1515 1989 sensibus
1564 1943 1730 2009 quos
1763 1919 1835 1987 in
1872 1919 2084 2010 capite
2114 1920 2210 1997 III,
2254 1921 2301 1986 B
2338 1916 2822 1997 recensuimuS‚

641 2045 853 2095 unum
882 2049 1105 2117 supra,
1142 2028 1341 2097 finem
1364 2028 1509 2098 dico
1542 2029 1646 2096 vel
1669 2027 2047 2110 consilium,
2079 2027 2346 2096 nomine
2385 2025 2664 2095 actionis
2693 2027 2824 2092 dis-

642 2135 839 2200 tincte
865 2133 1306 2228 significatum
1336 2136 1648 2204 vidimus.
1687 2137 1848 2204 Nam
1879 2135 1950 2202 in
1988 2135 2072 2203 iis
2103 2157 2266 2225 quas
2298 2133 2456 2201 finxi
2485 2131 2827 2202 sententiis

646 2239 1004 2309 ablativum
1036 2243 1318 2309 adventu
1367 2243 1880 2322 continentibuS‚
1931 2241 2352 2321 conditionis,
2399 2240 2629 2318 futuri,
2668 2247 2822 2318 cet.,

646 2347 949 2416 notiones
970 2349 1307 2418 sententiae
1326 2357 1583 2417 tantum
1611 2348 1790 2417 vario
1819 2355 2044 2417 tenore
2072 2348 2667 2438 distinguebantur.
2705 2347 2832 2414 Sed

645 2470 729 2523 ne
758 2454 911 2522 finis
946 2456 1214 2545 quidem
1253 2457 1459 2537 noti0‚
1481 2457 1700 2526 dativo
1727 2479 1885 2526 casu
1911 2479 2240 2548 expressa,
2276 2478 2312 2524 a
2338 2456 2572 2524 ceteris
2599 2456 2682 2522 in‘
2705 2456 2834 2524 for·-

649 2586 750 2631 ma
787 2563 1097 2633 thematis
1126 2567 1441 2633 adventu·
1474 2565 1791 2656 distingui
1826 2565 2013 2657 prius
2046 2565 2259 2656 potuit
2290 2587 2490 2655 quam
2526 2564 2834 2633 termina·

649 2669 861 2739 tiones
898 2694 1176 2741 casuum
1212 2674 1619 2742 exsisterent.
1653 2673 1838 2752 Quod
1867 2674 2070 2763 igitur
2093 2675 2175 2742 ad
2197 2681 2582 2765 praes'entem
2607 2673 2834 2763 dispu-

650 2778 962 2848 tationem
996 2780 1251 2860 attinet,
1286 2782 1548 2849 nullum
1592 2782 1768 2850 inter
1800 2784 1918 2850 has
1947 2788 2012 2849 et
2058 2782 2244 2849 illam
2285 2782 2642 2850 disicrimen
2675 2781 2837 2848 inte-

651 2894 807 2955 rest.
847 2888 1086 2957 Audito
1115 2891 1402 2958 themate
1448 2892 1782 2969 adventu-‚
1835 2889 2119 2957 auditori
2145 2890 2418 2979 quidem
2457 2890 2832 2979 eligendum

647 3003 790 3065 erat
818 2996 990 3065 inter
1018 2998 1233 3067 varios
1261 3020 1519 3079 sensm,
1552 2997 2022 3075 conditionem,
2058 2997 2383 3073 futurum,
2424 2995 2648 3072 finem,
2677 3003 2831 3070 cet.,

650 3106 955 3196 protinus
987 3113 1207 3175 autem
1254 3106 1430 3196 optio
1468 3127 1543 3175 eo
1588 3106 1732 3196 ipso
1775 3103 2288 3196 proponebatur,
2332 3104 2507 3193 quod
2546 3100 2839 3171 nominis

656 3213 934 3281 actionis
992 3214 1395 3291 constructio
1456 3213 1663 3282 libera
1713 3220 1876 3281 erat.
1939 3212 2137 3301 Finge
2197 3219 2422 3279 contra
2481 3210 2836 3279 sententias

662 3346 696 3385 «
730 3321 843 3388 Via
869 3321 1163 3411 aperitur
1192 3320 1425 3389 Caesari
1457 3320 1826 3389 advenienti
1863 3346 1924 3399 »,
1983 3346 2017 3384 «
2053 3320 2266 3388 Caesar
2285 3319 2636 3388 adveniens
2663 3316 2838 3385 mili-

658 3434 759 3497 tes
800 3429 1313 3507 confirmaret»,
1362 3435 1512 3505 cet.,
1565 3420 1889 3518 quae‘fere
1925 3427 2103 3495 idem
2147 3433 2342 3516 atque
2376 3448 2574 3517 supra
2629 3425 2838 3493 allatae

661 3535 1030 3627 significare
1052 3536 1327 3627 possint.
1344 3536 1540 3626 Finge
1568 3543 1878 3626 praeterea
1900 3534 2240 3604 flexionem
2263 3536 2510 3603 abesse.
2544 3531 2841 3601 Auditori

660 3646 883 3713 thema
932 3646 1302 3711 advenient·
1339 3650 1488 3713 ante
1528 3644 1749 3712 omnia
1791 3651 2014 3735 utpote
2045 3643 2438 3734 adjectivum
2487 3663 2641 3709 cum
2689 3640 2844 3708 sub-

664 3751 946 3820 stantivo
978 3774 1097 3821 suo
1143 3752 1660 3821 construendum
1699 3759 1840 3821 erat
1887 3752 1957 3819 in
2001 3751 2316 3821 relatione
2362 3771 2562 3839 quam
2619 3747 2846 3838 praedi⁴
2935 3774 2942 3777 ·

665 3860 793 3929 cati
842 3882 995 3927 cum
1042 3860 1336 3949 subjecto
1369 3867 1628 3939 vocant,
1674 3859 1824 3928 dein
1867 3858 2188 3927 universae
2233 3859 2570 3927 sententiae
2609 3857 2671 3925 -vi
2701 3856 2844 3923 haec

669 3965 1025 4035 affirmatio
1056 3966 1243 4034 alteri
1272 3967 1705 4056 subjicienda.

756 4073 924 4143 Fieri
973 4080 1185 4165 potest
1234 4081 1311 4143 ut
1366 4078 1505 4143 haec
1560 4072 1908 4142 subtiliora
1961 4072 2388 4163 disquirendo
2453 4069 2845 4141 calumniari

671 4181 1069 4274 quibusdam
1106 4181 1351 4251 videar.
1402 4184 1497 4251 Sit
1538 4204 1718 4251 sane.
1766 4181 2374 4273 Interpretationem
2413 4182 2498 4249 iis
2528 4180 2848 4270 castigan-

672 4289 823 4357 dam
853 4290 1346 4380 permitto..-Rcs
1370 4296 1592 4359 tamen
1616 4290 1793 4379 ipsas
1829 4312 2064 4381 negare
2083 4312 2219 4360 non
2249 4297 2579 4380 poterunt,
2615 4311 2851 4378 nempe
