3234 5150
1518 489 1798 544 ...70-

569 626 749 689 utne
777 619 859 688 de
895 619 1229 688 voluntate
1274 617 1541 709 quidem
1587 635 1858 706 prorsus
1902 619 2154 702 agatur.
2197 611 2336 678 Jam
2386 608 2562 699 quod
2603 607 2744 676 fieri

570 734 780 819 potest
826 727 1007 816 (cum
1056 725 1420 816 negatione,
1473 746 1603 792 non
1641 729 1875 813 potest,
1919 734 1961 786 ᾶ
2001 722 2233 796 minat,
2281 717 2583 805 ὀνομήνω),
2640 723 2753 785 aut

571 835 713 906 fieri
763 857 1026 902 necesse
1064 839 1162 902 est
1210 834 1454 922 (catheci
1497 841 1678 912 asat,
1723 828 1978 920 πάθῃσι),
2030 826 2286 895 etiamsi
2334 846 2612 915 persona
2657 825 2752 892 lo·

572 962 779 1031 quens
812 939 993 1008 omni
1039 945 1227 1029 pacto
1267 939 1333 1006 id
1379 959 1601 1006 arcere
1649 936 1998 1026 optavisset
2049 932 2330 1023 (πάοῃσι).
2383 931 2614 998 formis
2644 931 2754 998 de-

572 1047 809 1117 clarari
871 1047 1255 1138 agnovimus
1311 1045 1551 1135 quibus
1600 1044 1880 1112 inventis
1931 1041 2146 1133 prima
2197 1046 2261 1109 et
2311 1039 2425 1109 diu
2480 1061 2612 1106 una
2660 1038 2756 1106 vis

575 1156 898 1244 assignata
954 1163 1053 1224 est
1110 1155 1283 1244 quod
1339 1155 1586 1220 volebat
1635 1174 1924 1240 persona
1975 1153 2242 1238 loquens
2305 1145 2750 1236 exprimendi!

573 1262 916 1331 Intervalla
961 1261 1141 1328 vides
1181 1261 1471 1326 humane
1500 1258 1880 1326 commoda!

665 1368 841 1435 Haud
885 1366 1153 1456 quidem
1199 1365 1430 1454 ignoro
1470 1365 1794 1433 sermonis
1841 1363 2072 1431 formis
2106 1361 2406 1430 homines
2441 1358 2621 1428 abuti
2657 1379 2758 1426 so·

577 1477 735 1543 lere.
790 1475 945 1552 Quae
997 1473 1173 1541 enim
1212 1472 1469 1549 formae,
1529 1471 1786 1561 generis
1837 1470 2186 1560 cujusdam
2229 1469 2476 1558 species
2513 1467 2764 1555 aliquot

578 1581 888 1672 primitus
938 1580 1493 1669 significaverunt,
1545 1601 1638 1648 eae
1666 1579 1818 1648 dein
1859 1579 1940 1646 ad
1984 1577 2368 1645 universum
2411 1597 2616 1664 genus
2663 1596 2776 1642 ex-.

542 1685 1002 1777 primmdum
1047 1686 1558 1754 transferuntur.
1612 1688 1691 1753 Et
1734 1707 1944 1774 quum
1986 1685 2127 1774 jam
2179 1685 2259 1752 de
2304 1683 2510 1751 futuri
2568 1703 2763 1750 sensu

579 1794 866 1884 generali
902 1801 1156 1882 agatur,
1205 1801 1671 1883 argumentum
1715 1794 1969 1861 hauriri
2010 1814 2204 1883 posse
2247 1792 2547 1860 videatur
2583 1813 2619 1858 e
2662 1811 2764 1857 re-

581 1901 981 1970 centioribus
1029 1901 1162 1968 illis
1221 1902 1489 1991 linguis,
1546 1903 1829 1991 anglica,
1877 1923 2111 1990 graeca,
2170 1900 2428 1978 ceteris,
2483 1919 2765 1988 quarum

582 2009 885 2076 futurum
941 2015 1202 2098 tempus
1264 2032 1341 2077 ex
1391 2010 1712 2078 infinitivo
1779 2014 1843 2078 et
1905 2007 2212 2077 auxiliari
2260 2007 2456 2075 verbo
2513 2004 2762 2074 «volo»

584 2122 870 2191 constat;
907 2138 1036 2204 quo
1067 2116 1396 2195 auxiliari,
1437 2124 1509 2186 ut
1540 2117 1834 2206 primum
1873 2138 1950 2183 ex
1979 2115 2084 2182 his
2123 2136 2270 2202 quae
2305 2114 2522 2181 futura
2553 2118 2759 2188 erant,

584 2228 801 2311 optata
848 2228 1133 2300 tantum,
1193 2224 1282 2291 ita
1335 2245 1536 2291 cursu
1595 2222 1936 2312 temporiS‚
1987 2229 2052 2289 et
2097 2221 2307 2288 abusu
2342 2219 2663 2310 paulatim
2698 2218 2766 2284 in

582 2329 792 2417 legem
844 2336 1152 2408 vertente,
1217 2332 1530 2399 detestata
1590 2351 1852 2420 quoque
1911 2351 2213 2418 expressa
2276 2334 2450 2395 sunt.
2509 2326 2631 2394 Sed
2697 2330 2771 2393 ut

584 2437 833 2513 formae,
882 2436 961 2502 ad
994 2437 1241 2525 species
1276 2445 1486 2507 certas
1520 2446 1775 2506 tantum
1812 2438 2344 2520 accommodatae,
2382 2436 2463 2502 ad
2495 2441 2766 2510 ceteraS‚

588 2544 760 2611 sicut
800 2545 938 2633 jam
981 2544 1140 2624 dixi,
1174 2546 1469 2634 ejusdem
1510 2546 1768 2635 generis
1812 2547 2314 2621 transferantur,
2352 2564 2614 2612 necesse
2647 2548 2767 2619 est,

587 2672 721 2719 non
759 2652 973 2719 solum
1004 2652 1343 2739 loquentes
1377 2653 1579 2742 hujus
1610 2654 1870 2742 generis
1902 2653 2200 2720 conscios
2227 2674 2395 2728 esse,
2433 2652 2545 2719 scd
2576 2650 2773 2718 etiam

591 2782 790 2827 usum
826 2759 1012 2848 prius
1044 2763 1426 2828 universum
1456 2762 1623 2839 fleri,
1666 2762 1816 2828 dein
1846 2762 2128 2829 abusum
2163 2786 2176 2825 ε
2213 2759 2397 2828 nullo
2429 2760 2607 2827 enim
2646 2757 2776 2825 alio

592 2873 781 2956 pacto
811 2866 1136 2955 intelligas
1172 2890 1291 2935 cur
1319 2869 1584 2960 propria
1619 2870 1986 2937 formarum
2018 2867 2407 2957 significatio
2434 2866 2776 2933 obliterata

594 2973 813 3041 suerit.
879 2974 948 3040 ln
1003 2974 1231 3063 graecis
1289 2982 1507 3044 autem
1569 2983 1635 3045 et
1694 2977 1973 3052 vedicis,
2044 2977 2124 3044 de
2180 2975 2420 3064 quibus
2479 2972 2770 3061 agimus,

595 3080 937 3147 literarum
988 3084 1472 3163 monumentis,
1525 3083 1734 3151 futuri
1783 3083 2050 3172 quidem
2104 3103 2309 3171 genus
2368 3078 2777 3169 loquentium

596 3187 1011 3256 conscientiae
1039 3190 1179 3276 jam
1205 3189 1523 3257 inhaerere
1549 3189 1976 3257 manifestum
2005 3196 2127 3267 est,
2151 3189 2392 3278 quippe
2413 3187 2528 3275 qui
2555 3187 2778 3254 futuro

596 3294 889 3382 legitimo
937 3302 1233 3380 utantur,
1274 3298 1675 3385 conjunctivi
1711 3303 1930 3365 autem
1977 3296 2046 3363 in
2077 3296 2499 3385 exprimendo
2529 3294 2775 3365 futuro.

598 3402 698 3469 vel
746 3400 884 3489 qui,
952 3402 1305 3492 interprete
1346 3404 1777 3495 ‘Delbruckim
1827 3405 2171 3493 fingendus
2225 3404 2310 3471 sit
2355 3403 2624 3479 abusus,
2681 3401 2780 3469 vel

598 3509 794 3577 etiam
846 3531 1043 3588 usu8‚
1096 3512 1272 3599 quod
1318 3512 1589 3600 majoris
1640 3509 1736 3580 est
1790 3513 2130 3587 momenti,
2191 3511 2466 3579 minime
2518 3509 2780 3577 univer-

599 3637 713 3683 sus
744 3622 863 3683 est.

686 3721 905 3825 Quum
942 3730 1162 3791 autem
1198 3724 1367 3792 illud
1396 3707 1861 3813 argumentum
1889 3724 2139 3793 definiti
2168 3724 2377 3793 futuri
2409 3722 2665 3813 generis
2694 3729 2787 3789 at-

601 3828 887 3917 tigerim,
924 3836 995 3895 ut
1030 3831 1418 3899 sententiam
1460 3832 1654 3919 plane
1701 3832 2046 3922 explicem,
2100 3853 2246 3921 quae
2293 3854 2443 3899 mox
2481 3831 2559 3897 de
2608 3836 2785 3919 opta-

600 3937 731 4003 tivo
762 3936 1036 4003 dicenda
1074 3945 1268 4005 erunt
1298 3939 1439 4026 jam
1478 3938 1645 4005 mihi
1691 3947 1845 4007 sunt
1883 3939 2425 4029 praeoccupanda.
2461 3937 2786 4025 Antiquis-

603 4045 813 4122 simae,
878 4066 1041 4133 quas
1100 4046 1367 4132 quidem
1427 4046 1830 4125 noverimus,
1897 4047 2103 4115 futuri
2170 4048 2418 4124 formae,
2459 4053 2573 4113 aut
2620 4045 2784 4113 meri

606 4151 874 4241 optativi
931 4158 1108 4229 sunt,
1166 4160 1240 4220 ut
1280 4152 1500 4221 latinae
1553 4156 1745 4243 layas,
1803 4157 2059 4231 audica,
2111 4161 2223 4223 aut
2273 4162 2447 4221 certe
2485 4152 2786 4242 optativis

608 4260 973 4328 arctissime
998 4266 1153 4327 sunt
1173 4260 1425 4338 affineS,
1464 4267 1538 4328 ut
1566 4263 1962 4330 sanseriticae
1982 4263 2049 4330 in
2067 4264 2327 4350 -syami,
2357 4282 2580 4350 graecae
2605 4260 2674 4327 in
2689 4290 2789 4328 ·σω

608 4387 725 4455 pro
753 4366 939 4451 -σ(])ω
971 4372 1300 4433 exeuntes.
1334 4363 1509 4431 Nihil
1541 4364 1743 4451 igitur
1789 4368 1998 4435 obstat
2026 4366 2187 4453 quin
2217 4364 2649 4453 conjiciamus
2685 4364 2788 4432 his
