3234 5150
1596 481 1879 537 ...58-

654 608 933 676 alterum
997 629 1033 677 a
1080 608 1410 699 cupidinis
1466 609 1730 678 notione
1781 608 2101 699 profectos
2170 603 2494 676 adducere
2553 611 2828 673 conatus

648 719 807 782 cst¹.
2819 735 2824 742 ·

739 1049 796 1091 α.
860 1020 950 1087 De
1004 1021 1518 1110 antiquissimis,
1578 1021 1697 1108 qui
1739 1022 2107 1107 fingantur,
2169 1021 2519 1108 utriusque
2565 1019 2744 1086 modi

1579 1128 1903 1194 sensibus,

742 1361 909 1433 Illud
955 1359 1250 1452 primum
1297 1359 1425 1429 fuit
1485 1359 2019 1449 antiquissimam
2090 1359 2426 1428 notionem
2480 1364 2832 1449 utramque

651 1475 879 1560 utpote
906 1490 1189 1548 meram,
1224 1489 1437 1557 neque
1480 1467 1617 1536 ulla
1647 1467 1773 1536 alia
1800 1467 2262 1546 adulteratam,
2299 1467 2614 1558 exemplis
2647 1490 2761 1536 seu
2791 1491 2829 1540 a

651 1577 965 1668 Rig·Veda
996 1575 1097 1646 vel
1129 1599 1166 1644 a
1196 1576 1585 1644 Brahmanis
1619 1576 1810 1644 dictis
1830 1576 2044 1654 libris,
2073 1597 2189 1644 seu
2211 1576 2291 1644 ab
2319 1577 2597 1644 Homero
2628 1577 2828 1647 colla·

648 1685 759 1764 tis,
798 1685 852 1752 si
882 1685 1027 1753 fieri
1059 1691 1299 1774 posset,
1334 1683 1692 1752 illustrare.
1718 1683 1900 1761 Quod
1939 1682 2326 1753 Delbruckio
2368 1685 2577 1753 multo
2607 1685 2830 1756 minus

651 1816 853 1883 quam
892 1794 1031 1884 ipse
1070 1798 1443 1883 speraverat
1486 1791 1880 1860 successisse
1915 1791 2200 1860 videtur.
2237 1793 2362 1859 Nec
2394 1791 2676 1870 mirum;
2719 1814 2830 1860 vo-

649 1902 973 1974 luntatem
1006 1902 1184 1971 enim
1216 1907 1281 1970 et
1304 1900 1682 1991 cupidinem
1715 1899 2039 1977 homines,
2075 1899 2436 1990 praesertim
2475 1899 2676 1990 prisci
2698 1899 2821 1978 illi,

648 2031 989 2099 nunquam
1016 2009 1150 2078 fere
1181 2015 1574 2098 expromunt
1604 2007 1733 2076 nisi
1755 2010 2097 2097 proposita
2117 2011 2344 2098 aliqua
2363 2030 2435 2076 re
2464 2031 2597 2097 qua
2627 2011 2825 2075 totius

649 2119 983 2184 sententiae
1018 2120 1329 2185 variatur
1364 2119 1543 2185 color
1585 2125 1646 2183 et
1697 2118 2076 2182 intellectus.
2127 2118 2179 2182 A
2233 2117 2566 2186 voluntate
2617 2115 2830 2186 decla-

650 2225 877 2302 randa,
939 2224 1008 2292 id
1059 2230 1225 2292 esta
1281 2223 1721 2312 conjunctivo,
1761 2223 2181 2312 incipiamus,

736 2332 877 2420 Ipse
904 2329 1333 2398 Delbruckius
1360 2330 1644 2418 agnovit,
1674 2330 1745 2398 in
1771 2330 2058 2398 secunda
2078 2329 2402 2418 tertiaque
2430 2329 2836 2418 conjunctivi·

650 2459 953 2530 persona,
990 2437 1317 2505 declarata
1346 2437 1681 2505 voluntate
1711 2457 2006 2526 personae
2031 2437 2358 2525 loquentis
2374 2437 2635 2525 jussum
2658 2436 2822 2512 fieri,

652 2551 765 2616 aut
791 2546 1009 2615 simile
1044 2544 1295 2635 aliquid
1317 2547 1490 2635 quod
1510 2545 1982 2636 impulsionem
2015 2545 2096 2614 ad
2134 2545 2458 2635 agendum
2488 2545 2828 2615 nominare

651 2655 885 2745 possis.
954 2654 1260 2744 Exempla
1324 2661 1477 2722 sunt
1537 2676 1746 2743 graeca
1811 2654 1944 2721 fere
2005 2652 2214 2729 nulla,
2286 2653 2354 2720 in
2416 2654 2828 2723 affirmativis

650 2767 822 2828 certe
869 2759 1233 2837 sententiis,
1269 2759 1490 2827 vcdica
1550 2766 1770 2827 autem
1825 2758 2199 2837 innumera,
2252 2762 2366 2826 ut²
2399 2761 2445 2837 Ι,
2501 2762 2604 2839 74,
2659 2762 2726 2839 6,-
2765 2760 2828 2830 ᾱ’

652 2870 888 2935 υάὴᾱεί
939 2873 1073 2935 ιᾱή
1104 2870 1218 2935 ihd
1246 2868 1474 2935 deva'n
1508 2866 1712 2935 «Huc
1736 2866 1892 2935 deos
1927 2866 2140 2936 adduc
2179 2892 2238 2947 »3
2285 2906 2366 2919 --
2403 2868 2547 2947 VIII,
2601 2869 2726 2946 78,
2759 2870 2822 2947 ὅτ,

650 2980 929 3043 vritrdm
953 2978 1189 3043 hanati
1219 2978 1538 3043 vritrahc'c'
1571 3000 1604 3038 «
1633 2974 1862 3044 Vritrae
1893 2976 2146 3044 occisor
2177 2974 2458 3044 Vritram
2490 2976 2827 3045 occidat».

737 3086 924 3154 Illam
991 3091 1234 3163 autem,
1289 3106 1488 3174 quam
1564 3083 1778 3163 finxit,
1848 3084 2382 3173 antiquissimam
2435 3085 2830 3173 conjunctivi

655 3192 1198 3282 significationem
1251 3193 1321 3260 in
1361 3192 1575 3282 prima
1624 3196 1884 3260 tantum
1917 3214 2196 3282 persona
2243 3192 2498 3282 quaerit.
2559 3193 2694 3261 Imo
2730 3192 2829 3261 vel

653 3301 891 3391 primis
920 3299 1136 3367 dualis
1170 3306 1234 3368 et
1271 3300 1548 3389 pluralis
1590 3300 1888 3390 personis
1925 3301 2360 3369 hortationem
2395 3302 2609 3369 inesse
2639 3302 2832 3370 confi·

655 3414 829 3476 tetur
862 3429 989 3498 qua
1030 3406 1195 3475 alter
1229 3406 1333 3475 vel
1358 3407 1577 3495 plures
1603 3407 2033 3497 impellantur
2069 3408 2150 3475 ad
2178 3409 2525 3499 agendum,
2559 3414 2623 3477 ct
2650 3409 2740 3486 id,
2762 3408 2833 3474 in

654 3516 883 3604 graecis
934 3515 1204 3604 quidem
1254 3513 1593 3603 exemplis,
1628 3538 1904 3603 semper,
1967 3516 2086 3592 11⁵,
2138 3517 2247 3595 58,
2285 3515 2558 3606 Ἕκτορος
2586 3523 2833 3606 ὄρσωμεν

712 3756 760 3807 1.
794 3755 1075 3806 Delbruckii
1108 3756 1170 3805 de
1203 3755 1430 3805 sensibus
1458 3754 1760 3817 conjunctivi
1799 3760 1848 3805 et
1875 3754 2080 3817 optativi
2112 3754 2166 3804 in
2185 3756 2475 3807 sanscritica
2509 3762 2558 3805 et
2585 3758 2640 3806 in
2673 3772 2835 3819 graeca

650 3830 825 3891 lingua
858 3828 1159 3891 explicandis
1194 3827 1421 3877 instituta
1455 3827 1519 3875 ad
1542 3826 1768 3887 linguam
1795 3826 2046 3875 zendicam
2081 3827 2359 3877 transferre
2389 3828 2640 3878 contendit
2671 3830 2836 3880 Julius

650 3902 776 3965 Jolly
820 3900 873 3948 in
914 3899 1044 3948 libro
1081 3899 1321 3961 inscripto
1362 3896 1461 3946 Ein
1489 3896 1692 3963 Kapitel
1727 3896 2130 3961 verqleickender
2169 3898 2380 3961 Syntaoe,
2421 3900 2518 3949 Der
2545 3900 2850 3969 conjunctim

650 3972 761 4023 und
786 3970 985 4035 Optativ
1012 3969 1117 4018 und
1140 3970 1221 4017 die
1245 3968 1545 4018 Nebensc'itze
1568 3968 1638 4017 im
1667 3966 1805 4017 Zend
1840 3968 1944 4017 und
1981 3968 2352 4033 Altpersischen
2383 3971 2436 4019 in
2463 3970 2711 4036 verqleich
2741 3972 2832 4023 mit

648 4043 761 4093 dem
800 4041 1033 4094 Sanslcrit
1060 4042 1165 4091 und
1185 4040 1535 4091 Griechischen
1567 4040 1843 4107 (munchen,
1871 4040 2045 4101 1872);
2092 4044 2236 4106 cujus
2277 4044 2499 4093 eamdem
2533 4050 2685 4107 atque
2718 4046 2832 4095 Del-

654 4115 851 4166 bruckii
876 4116 993 4165 libri
1019 4130 1283 4165 censuram
1307 4130 1453 4178 agere
1484 4115 1691 4178 longum
1723 4114 1917 4175 fuisset,
1953 4122 2018 4174 et,
2041 4117 2092 4165 ni
2117 4118 2277 4175 fallor,
2304 4132 2484 4181 parum
2511 4119 2650 4175 utile,
2675 4133 2830 4181 quum

654 4188 707 4237 in
734 4204 791 4237 ea
827 4188 996 4237 eadem
1020 4189 1123 4237 fere
1152 4188 1364 4239 fuissent
1387 4189 1628 4238 iteranda.

714 4260 762 4331 2.
803 4262 839 4311 A
855 4262 1096 4325 Rig-Veda
1120 4269 1316 4325 sumpta
1346 4267 1461 4311 sunt
1492 4262 1714 4324 exempla
1731 4275 1842 4323 quae
1869 4262 2098 4311 numeris
2123 4269 2333 4320 tantum,
2360 4263 2500 4313 nullo
2521 4263 2687 4314 addito
2715 4264 2831 4316 libri

654 4332 804 4383 titulo
832 4328 1176 4395 designantur.
1208 4333 1510 4384 Sanscritica
1537 4332 1710 4383 omnia
1737 4333 1947 4384 totidem
1976 4334 2144 4383 verbis
2171 4336 2432 4385 transtuli.

722 4404 768 4452 5.
808 4402 1085 4455 Grandibus
1102 4406 1261 4456 literis
1284 4404 1471 4461 Iliadis,
1496 4404 1704 4455 minutis
1725 4403 1951 4467 Odysseae
1972 4404 2090 4455 libri
2113 4403 2414 4455 indicantur.
