3234 5150
1614 450 1932 505 -116-

689 571 841 642 ralis
888 573 1145 643 numeri
1179 577 1389 644 forma
1418 576 1487 643 in
1524 579 1694 643 mini
1727 582 1985 644 erutam
2027 573 2232 642 fuisse
2286 570 2611 662 conjicere
2659 571 2854 640 susti-

686 681 943 748 nuerim
975 685 1039 748 ¹.-

774 782 1117 852 Infinitivis
1146 784 1372 855 aoristi
1400 785 1629 874 graecis
1663 786 1732 853 in
1752 813 1867 854 -σαι
1886 783 2336 853 desinentibus
2366 783 2761 875 respondent
2790 783 2859 850 in

688 891 1068 960 sanseritica
1102 892 1324 982 lingua
1354 893 1563 962 vedici
1590 892 1897 962 infinitivi
1927 893 1996 960 in
2020 915 2118 960 -se
2146 898 2216 959 ut
2244 895 2533 981 prdlcshe
2571 914 2606 960 e
2644 890 2862 959 radice

678 1001 889 1086 prach
941 999 1067 1087 (vel
1115 1000 1334 1090 potius
1374 1001 1569 1090 prae)
1604 1027 1639 1064 «
1683 1001 1936 1090 precari
1978 1026 2011 1065 »
2064 999 2432 1089 (Delhruck.
2483 1001 2616 1066 Das
2665 998 2861 1064 ‹dtin-

686 1106 906 1172 dische
942 1106 1239 1185 Verbum,
1281 1127 1345 1195 p.
1390 1106 1570 1193 225).
1623 1105 1960 1195 Ejusmodi
1994 1104 2240 1173 formas
2277 1105 2390 1173 alii
2434 1127 2469 1174 e
2515 1103 2730 1172 dativo
2761 1125 2865 1170 ra-

686 1211 852 1279 dicis
889 1212 1227 1280 auxiliaris
1259 1212 1436 1303 (Cap.
1471 1214 1543 1292 H,
1585 1236 1651 1302 p.
1689 1213 1802 1302 22)
1847 1236 1922 1280 as
1971 1237 2004 1276 «
2039 1234 2180 1280 esse
2213 1239 2273 1290 »,
2323 1211 2613 1280 nominis
2663 1210 2864 1278 aetio-

686 1319 791 1386 nis
822 1319 1043 1390 vicem·
1077 1320 1421 1411 explentiS,
1471 1328 1537 1388 et
1590 1320 1812 1389 radice
1871 1319 2049 1388 verbi
2097 1318 2495 1411 praedicativi
2547 1319 2864 1386 conflatas

686 1427 891 1496 fuisse
933 1429 1212 1518 fingunt,
1266 1451 1411 1518 ego.
1447 1451 1597 1496 vero
1656 1429 1908 1497 dativos
1959 1428 2268 1497 thematis
2317 1427 2568 1508 aoristi,
2620 1425 2865 1494 radicis

683 1533 895 1603 instar
933 1557 1051 1625 pro
1091 1535 1360 1604 nomine
1392 1535 1667 1604 actionis
1696 1535 2020 1626 usurpati,
2063 1537 2294 1605 haben.
2353 1536 2431 1604 At
2479 1555 2611 1603 non
2663 1531 2866 1601 dativi

682 1649 967 1722 tantum,
994 1644 1107 1712 sed
1150 1643 1345 1711 etiam
1386 1643 1645 1712 locativi
1683 1643 2030 1731 nominum
2066 1643 2364 1721 actioniS,
2395 1664 2494 1710 ex,
2529 1651 2728 1709 causa
2771 1641 2867 1707 lo-

682 1750 875 1818 cativi
910 1751 979 1818 in
1004 1753 1209 1831 -sani,
1250 1751 1321 1818 in
1356 1751 1678 1840 Rig-Veda
1725 1752 2031 1820 infinitivi
2074 1759 2290 1842 partes
2329 1756 2550 1840 agunt.
2595 1747 2866 1816 Vedieas

685 1856 886 1947 igitur
922 1858 1169 1928 formas
1193 1859 1264 1927 in
1284 1861 1376 1926 -si
1394 1858 1808 1928 desinentes²
1844 1868 1917 1929 ut
1945 1863 2144 1928 mdtsi
2177 1881 2212 1926 e
2241 1858 2460 1926 radice
2483 1859 2638 1924 mad
2672 1882 2703 1919 ε(
2728 1855 2867 1923 ine-

682 1964 974 2045 briari»,
1025 1988 1193 2056 quae,
1238 1966 1415 2055 quod
1462 1967 1543 2034 ad
1578 1987 1845 2035 sensum
1895 1966 2150 2054 attinet,
2183 1966 2486 2034 sccundae
2529 1964 2696 2052 sing.
2743 1962 2868 2028 im-

681 2072 954 2163 perativi
1009 2095 1300 2162 personae
1353 2081 1529 2154 sunt,
1584 2074 2013 2142 sustinuerim
2069 2095 2220 2142 cum
2270 2071 2617 2141 infinitivis.
2661 2070 2730 2136 in
2775 2093 2869 2136 -se

656 2180 1133 2250 desinentibus
1183 2181 1273 2249 ita
1309 2183 1632 2262 conferre,
1677 2189 1752 2250 ut
1799 2182 1866 2248 hi
1913 2180 2178 2271 quidem
2220 2181 2444 2259 dativi,
2483 2179 2614 2247 illae
2645 2184 2865 2246 autem

683 2287 942 2355 locativi
974 2288 1268 2376 ejusdem
1300 2289 1611 2356 thematis
1640 2310 1783 2357 esse
1813 2288 2204 2357 videantur.-

773 2395 863 2461 Ex
906 2396 1134 2464 eodem
1178 2397 1547 2464 thematum
1577 2417 1838 2485 genere,
1886 2379 2070 2464 nulla
2111 2395 2330 2462 addita
2377 2391 2861 2470 terminatione,

684 2500 1018 2605 informati
1066 2524 1208 2570 esse
1242 2503 1546 2572 videntur
1596 2503 1968 2596 imperativi
2017 2503 2212 2593 graeei
2250 2510 2325 2571 ut
2366 2509 2482 2583 δός,
2538 2511 2654 2582 θές,
2710 2522 2865 2568 cum

684 2606 925 2694 quibus
952 2607 1214 2676 Curtius
1269 2609 1429 2696 (Das
1486 2609 1786 2689 Verbum,
1825 2608 1900 2688 ΙΙ,
1941 2631 2006 2697 p.
2045 2607 2442 2695 56)-.confert
2478 2606 2752 2673 latinum
2797 2627 2866 2670 es

682 2736 764 2783 ex
791 2716 913 2781 edo
946 2740 979 2779 «
1015 2715 1341 2783 manduco
1380 2741 1442 2782 ».

774 2820 1169 2890 Terminatio
1200 2842 1464 2911 quoque
1502 2821 1844 2890 defuerit
1827 2844 1898 2889 1n
1943 2806 2176 2890 formis
2225 2841 2439 2910 lmpei
2441 2820 2618 2897 at1v1‚
2653 2840 2864 2909 graeca

686 2935 845 3015 ἆγες,
876 2929 1078 2996 latina
1102 2932 1441 3017 prospices
1472 2930 1691 3019 (ibid.,
1729 2953 1794 3020 p.
1837 2929 1976 3018 41),
2017 2950 2162 3018 quae
2191 2949 2344 2996 eum
2376 2927 2619 2995 vedicis
2653 2924 2867 2993 infini-

656 3036 859 3115 tivis,
890 3036 1088 3104 dativi
1116 3036 1573 3105 terminatione
1602 3037 1966 3115 instructiS‚
1992 3036 2057 3104 in
2086 3059 2217 3105 -ase
2243 3035 2648 3103 conferendae
2683 3039 2858 3101 sunt.

683 3138 831 3205 Imo.
851 3138 1055 3208 ‚latina
1076 3134 1243 3207 'eum
1274 3142 1569 3229 ejusdem
1600 3143 1780 3211 verbi
1829 3140 2151 3210 infinitivo
2174 3141 2554 3228 prospicere
2582 3136 2864 3207 conferri

685 3255 921 3337 potest,
958 3248 1047 3316 ita
1076 3256 1174 3329 ut,
1203 3250 1445 3318 omisso
1474 3251 1776 3319 radicum
1810 3249 2190 3319 discrimine
2218 3248 2554 3338 proportio
2586 3248 2862 3325 oriatur,

682 3355 1062 3441 prospices.
1090 3359 1511 3443 prospicere.
1546 3365 1739 3438 εεδός
1774 3366 1959 3427 Υύσαι.

773 3460 1439 3533 Infinitivosvedicos'
1422 3488 1492 3533 m
1513 3490 1694 3533 —sam
1685 3466 2102 3553 desinentes
2110 3426 2303 3535 modo
2327 3463 2862 3539 commemoravi,

688 3564 929 3655 quibus
972 3570 1145 3658 apud
1191 3572 1444 3641 Glaecos
1491 3575 1844 3664 respondet
1891 3575 2178 3645 secunda
2211 3572 2594 3664 ,imperativi
2639 3570 2864 3640 aoristi

687 3694 964 3763 persona
1001 3674 1071 3742 in
1097 3677 1304 3747 activo
1334 3702 1568 3769 genere
1588 3703 1711 3772 per
1727 3710 1844 3751 -σον
1875 3682 2120 3761 exiens,
2156 3688 2231 3749 ut
2253 3689 2440 3750 λῦσον.
2475 3681 2617 3747 Ilaec
2643 3685 2864 3748 autem

748 3918 797 3968 1.
832 3918 901 3969 De
927 3920 973 3969 vi
998 3920 1237 3984 analogiae
1264 3922 1317 3972 in
1346 3923 1673 3974 informandis
1692 3925 1973 3988 imperativi
1999 3924 2244 3988 personis,
2263 3924 2373 3975 vide
2389 3921 2537 3982 infra
2564 3936 2614 3985 p.
2637 3922 2760 3971 11.9

750 3988 797 4037 2.
828 3992 1014 4040 Harum
1044 3993 1320 4043 folmarum
1345 4002 1393 4043 et
1427 4010 1708 4057 graecarum
1741 4000 1798 4045 ut
1827 4000 1961 4047 λῦσαι
1990 4002 2040 4045 et
2075 4011 2188 4059 quae
2221 3996 2352 4044 infla
2385 3995 2762 4057 explicabuntur
2791 3994 2870 4052 δός

684 4064 813 4126 ἆγες,
828 4064 1117 4114 affinitatem
1132 4067 1290 4115 sensit
1315 4067 1531 4117 Curtius.
1550 4070 1642 4117 Eas
1669 4075 1852 4126 autem,
1875 4068 2156 4117 Dclbruckii
2187 4067 2406 4129 exemplo
2425 4064 2552 4135 (Das
2561 4063 2868 4114 altividi-eche

619 4152 623 4155 ·
694 4132 913 4193 Verbum,
928 4148 977 4198 p.
994 4132 1073 4198 51)
1090 4150 1181 4199 pro
1201 4137 1375 4187 formis
1398 4138 1654 4200 indicatwi
1681 4140 1940 4202 piaesentis
1968 4140 2117 4188 hahet
2145 4138 2197 4186 in
2224 4138 2384 4201 impel
2388 4138 2572 4187 ativum
2589 4136 2861 4186 translatis.

688 4205 827 4261 Quod
860 4222 1039 4269 parum
1073 4208 1346 4259 verisimile
1378 4217 1455 4261 est
1487 4227 1643 4276 quum
1673 4213 1782 4274 pler
1785 4226 1926 4275 aeque
1959 4228 1987 4261 e
2018 4211 2270 4261 iadicibus
2313 4210 2444 4259 1nf01
2446 4216 2593 4259 matae
2621 4209 2720 4258 sint
2753 4222 2866 4271 quae

689 4276 877 4326 nullam
901 4279 1049 4329 aliam
1081 4282 1293 4333 sormam
1318 4282 1379 4332 ad
1415 4285 1682 4335 secundam
1717 4285 1922 4336 classem
1947 4284 2259 4335 referendam
2287 4284 2520 4333 exhibent
2544 4281 2673 4345 (vide
2699 4280 2866 4343 ipsum

688 4345 967 4409 Delbruck.‚
998 4352 1090 4402 loc.
1110 4353 1239 4419 ἀι).
1898 4379 1904 4384 ·

2556 4398 2610 4437 Ὀ,
