3234 5150
1624 434 1900 490 -90-

674 567 889 632 terum
925 567 1188 632 uterum
1236 581 1463 631 semen
1493 562 1716 632 fusum
1747 568 1868 641 est,
1901 561 1970 630 id
1999 560 2069 629 in
2099 561 2304 630 altero
2338 559 2632 630 fructum
2659 560 2856 634 edere
2927 639 2940 652 ,

675 670 867 740 vcllet
889 695 949 748 »,
987 709 1068 724 -
1104 693 1283 740 nunc
1321 671 1742 761 conjunctivo
1769 670 2304 760 respondentem:
2339 671 2480 756 (lat.
2502 671 2618 737 Br.
2651 670 2852 749 11,1,

674 778 739 856 6,
757 779 821 855 6,
843 785 921 844 σά
936 781 1135 868 ydthc‘t
1156 783 1409 870 nadydi
1420 787 1670 869 partim
1692 780 2110 868 parapdcyed
2129 785 2317 846 cvdm
2334 779 2856 868 svdsya'yushah

663 890 909 976 param
953 888 1457 975 pdraeakhyau,
1512 911 1546 948 «
1584 885 1699 952 Ille
1755 884 2038 974 propriae
2099 884 2248 953 vitae
2297 883 2496 952 finem
2546 883 2732 964 vidit,
2783 891 2860 954 ut

674 990 917 1084 aliquis
945 993 1241 1063 fluminis
1288 993 1676 1062 ulteriorem
1708 993 1922 1084 ripam
1950 992 2197 1062 videret
2231 1018 2291 1060 ».
2339 992 2638 1062 Ceterum
2679 993 2857 1082 quod

672 1099 1029 1172 discrimen
1090 1103 1264 1174 inter
1322 1102 1726 1192 conjunctivi
1781 1109 1847 1171 et
1908 1101 2175 1192 optativi
2227 1101 2422 1192 graeci
2494 1123 2728 1172 sensus
2785 1101 2857 1172 in

673 1207 1227 1282 similitudinibus
1274 1216 1609 1299 repertum
1649 1217 1772 1291 est,
1809 1211 1933 1278 hoc
1963 1208 2264 1289 minime,
2303 1209 2373 1278 ni
2419 1209 2640 1294 fallor,
2670 1210 2753 1277 ad
2781 1209 2872 1279 il·-

672 1317 788 1388 lud
816 1317 1047 1387 referri
1076 1324 1289 1410 potest
1326 1320 1502 1408 quod
1533 1318 1603 1388 in
1632 1319 2018 1387 universum
2067 1317 2402 1401 statuitur,
2435 1339 2672 1408 nempe
2705 1339 2861 1386 con-

666 1425 1043 1518 junctivum
1086 1426 1493 1496 affirmandae
1523 1427 1617 1495 rei
1660 1427 2060 1518 propiorem,
2117 1425 2482 1517 optativum
2534 1425 2858 1516 fingendis

670 1533 1073 1622 imaginibus
1124 1535 1443 1625 aptiorem
1488 1556 1655 1604 esse.
1703 1575 1787 1586 —
1811 1535 1884 1602 In
1915 1534 2244 1625 ejusmodi
2290 1535 2470 1603 enim
2517 1534 2858 1603 sententiis

670 1643 857 1711 nulla
885 1642 983 1711 vis
1020 1643 1150 1712 nisi
1200 1643 1670 1731 fingendarum·
1689 1643 2081 1734 imaginum,
2111 1644 2209 1712 vel
2249 1641 2667 1732 conjunctivo
2697 1642 2860 1712 assi-

670 1749 859 1840 gnari
890 1757 1126 1840 potest,
1148 1759 1213 1820 et
1250 1752 1393 1841 ipse
1418 1751 1854 1820 Delbruckius
1884 1751 2231 1842 profitetur
2254 1772 2332 1819 eo
2371 1749 2694 1820 auditoris
2723 1749 2856 1819 vim

671 1857 1163 1948 imaginativam
1192 1859 1453 1928 incitari
1488 1860 1580 1950 (p.
1619 1860 1762 1949 67).

641 1985 647 1992 ·
758 1967 942 2047 Quod
974 1967 1029 2035 si
1060 1969 1141 2036 ad
1173 1968 1529 2037 sententias
1561 1968 1926 2036 transimus
1957 1967 2201 2058 quibus
2230 1965 2518 2036 conditio
2545 1966 2858 2057 exprimi-

670 2081 805 2155 tur,
840 2076 1209 2165 reperimus
1237 2098 1321 2145 ne
1350 2077 1420 2145 in
1448 2076 1828 2145 sanseritica
1863 2075 2129 2166 quidem
2160 2075 2384 2164 lingua
2405 2075 2852 2165 conjunctivo,

669 2183 780 2252 sed
826 2184 1110 2273 optativo
1162 2190 1419 2253 tantum
1455 2187 1630 2275 quod
1659 2207 1804 2252 mon
1850 2186 2002 2270 fieri
2034 2193 2247 2272 potest
2291 2183 2611 2251 declarari
2649 2207 2666 2250 :
2703 2183 2852 2262 VIII,

672 2292 781 2370 14,
819 2293 883 2370 1,
924 2294 1055 2380 ydd
1111 2294 1473 2360 indrahdm
1512 2296 1714 2382 ydtlu‘z
1765 2298 1941 2358 tvdm
2002 2291 2199 2380 i'ciya
2254 2297 2458 2359 vdsva
2513 2292 2636 2359 eka
2689 2299 2743 2358 tt
2767 2329 2856 2348 -

666 2399 859 2468 ποτε-ι’
892 2423 993 2467 me
1018 2403 1357 2490 qoshakha
1396 2412 1569 2490 synt,
1613 2427 1647 2466 «
1679 2400 1770 2482 Si,
1811 2423 1848 2469 ο
1877 2401 2093 2481 Indra,
2125 2421 2244 2489 ego
2273 2400 2448 2470 sicut
2482 2406 2554 2468 tu
2593 2401 2857 2470 divitias

668 2529 843 2576 unus
899 2508 1331 2599 possiderem,
1405 2509 1712 2579 laudator
1778 2529 1966 2579 meus
2043 2529 2274 2578 vaccas
2332 2509 2624 2578 haberet.
2669 2535 2702 2576 »
2759 2510 2856 2579 Ita

669 2639 895 2708 paucae
942 2626 1163 2687 autem
1204 2625 1359 2691 sunt
1400 2619 1470 2687 in
1517 2620 1762 2689 vedicis
1813 2619 2001 2689 libris
2041 2619 2370 2709 ejusmodi
2417 2619 2754 2689 sententiae
2781 2627 2859 2689 ut

668 2725 1071 2815 conjunctivi
1104 2726 1174 2795 in
1208 2726 1445 2795 iisdem
1492 2727 1894 2796 desiderium
1945 2749 2079 2795 non
2121 2728 2491 2816 urgendum
2523 2748 2849 2798 censeam.

667 2833 1089 2923 Conjunctivo
1120 2841 1367 2914 autem,
1416 2834 1470 2903 si
1515 2835 1738 2905 minus
1769 2839 1939 2927 quod
1983 2837 2136 2923 fieri
2179 2858 2315 2903 non
2345 2845 2581 2924 potest,
2622 2844 2688 2905 at
2725 2837 2856 2905 sal-

666 2948 799 3010 tem
847 2942 1024 3031 quod
1070 2942 1141 3009 in
1190 2943 1600 3023 universum,
1635 2945 1818 3013 nulla
1863 2945 2178 3034 temporis
2229 2944 2524 3013 adhibita
2569 2945 2849 3026 ratione,

666 3050 938 3140 fingitur
981 3051 1159 3118 haud
1210 3072 1398 3120 secus
1442 3057 1642 3141 atque
1669 3035 1954 3143 optativo
2002 3052 2365 3143 saepissime
2411 3052 2847 3142 significatur.

664 3158 975 3247 Exempla
1011 3180 1173 3226 usus
1203 3159 1405 3249 hujus
1431 3182 1669 3249 graeca,
1697 3168 1934 3251 praeter
1956 3162 2096 3250 jam
2123 3179 2322 3249 supra
2353 3159 2550 3228 allata
2582 3168 2657 3241 Θ,
2691 3162 2847 3243 405,

667 3275 717 3343 1,
754 3265 907 3341 117,
947 3286 1329 3353 expromam
1366 3288 1381 3331 ε
1416 3294 1477 3344 α,
1508 3266 1664 3347 551,
1707 3274 1820 3350 Τὴν
1871 3274 1979 3356 γὰρ
2019 3273 2203 3353 ἀοιδὴν
2247 3273 2470 3351 μᾶλλον
2509 3269 2850 3337 ἐπικλείουσ’

665 3378 968 3461 ἅνθρωποι,
999 3380 1118 3457 ἥτις
1168 3377 1517 3441 ἀκουόντεσσι
1544 3382 1790 3457 νεωτάτη
1826 3380 2223 3461 ἀμφιπέληται,
2255 3413 2339 3425 --
2369 3384 2444 3453 Ν,
2487 3374 2642 3454 255,
2692 3372 2850 3443 Ἀλλ’

666 3481 788 3546 αὖθι
834 3489 1008 3545 κυνῶν
1050 3484 1354 3566 μέλπηθρα
1400 3487 1615 3564 γένοιτο
1656 3486 1800 3560 ὅςτις
1829 3481 1917 3547 ἐπ’
1953 3487 2125 3566 ἤματι
2151 3486 2293 3566 τῷδε
2322 3487 2466 3548 ἑκὼν
2500 3488 2716 3567 μεθίῃσι
2742 3490 2823 3565 μά

666 3593 887 3674 χεσθαι.
922 3585 1283 3653 Amborum
1325 3606 1476 3653 vero
1511 3586 1860 3654 modorum
1906 3587 1975 3654 in
2017 3585 2389 3655 conditione
2425 3586 2848 3677 exprimenda

666 3714 863 3783 quam
932 3692 1183 3761 similes
1245 3692 1378 3769 sint
1437 3714 1598 3761 usus
1653 3700 1795 3762 tum
1848 3694 2256 3786 apertissime
2304 3694 2591 3784 judicari
2635 3700 2853 3784 potest

665 3821 875 3889 quum
902 3799 1096 3867 ambo
1126 3799 1415 3868 vicissim
1445 3808 1855 3892 usurpantur
1889 3826 1904 3869 ε
1940 3811 1993 3881 ζ,
2024 3803 2179 3882 286,
2205 3810 2310 3872 Καὶ
2337 3809 2387 3871 δ’
2417 3808 2575 3894 ἄλλῃ
2605 3815 2846 3887 νεμεσῶ,

664 3920 787 3995 ἥτις
835 3919 1058 3979 τοιαῦτά
1106 3938 1177 3997 γε
1228 3916 1398 3999 ῥέζοι,
1446 3912 1537 3998 ἥτ’
1568 3918 1762 3995 ἀέκητι
1787 3919 1959 4000 φίλων
2000 3920 2208 4002 πατρὸς
2254 3918 2348 3980 καὶ
2393 3920 2601 4001 μητρὸς
2647 3920 2848 3981 ἐόντων

667 4028 886 4110 ἀνδράσι
915 4027 1196 4107 μίσγηται,
1237 4028 1362 4110 πρίν
1394 4021 1452 4109 γ’
1481 4028 1748 4109 ἀμφάδιον
1773 4032 1958 4110 γάμον
1986 4030 2204 4092 ἐλθεῖν.
2243 4024 2357 4091 Hic
2395 4023 2572 4113 quod
2617 4022 2847 4091 discri-

668 4150 819 4196 men
868 4132 1152 4197 statuere
1190 4128 1396 4196 voluit
1429 4129 1862 4199 Delbruckius
1910 4131 2082 4199 inter
2125 4131 2421 4200 fictiones
2475 4131 2846 4221 germanice

673 4236 1192 4325 Voraussetzunq
1220 4243 1285 4305 et
1315 4238 1658 4305 Annahme
1695 4238 1928 4316 dictas,
1965 4261 2251 4329 quarum
2289 4240 2494 4308 altera
2532 4239 2846 4328 conjunc-

670 4341 827 4420 tivo,
893 4345 1093 4412 altera
1154 4345 1441 4434 optativo
1507 4347 1836 4417 declarata
1892 4346 2115 4424 fuerit,
2174 4346 2443 4415 omnino
2485 4346 2838 4426 evanescit,
