<?xml version="1.0" encoding="UTF-8"?>
<!DOCTYPE html PUBLIC "-//W3C//DTD XHTML 1.0 Transitional//EN"
    "http://www.w3.org/TR/xhtml1/DTD/xhtml1-transitional.dtd">
<html xmlns="http://www.w3.org/1999/xhtml" xml:lang="en" lang="en">
 <head>
  <title>
</title>
<meta http-equiv="Content-Type" content="text/html;charset=utf-8" />
  <meta name='ocr-system' content='tesseract 3.04.00' />
  <meta name='ocr-capabilities' content='ocr_page ocr_carea ocr_par ocr_line ocrx_word'/>
</head>
<body>
  <div class='ocr_page' id='page_1' title='image "./deconjunctiviet00berggoog_0078.png"; bbox 0 0 3234 5150; ppageno 0'>
   <div class='ocr_carea' id='block_1_1' title="bbox 1637 404 1916 457">
    <p class='ocr_par' dir='ltr' id='par_1_1' title="bbox 1637 404 1916 457">
     <span class='ocr_line' id='line_1_1' title="bbox 1637 404 1916 457; baseline -0.007 -12"><span class='ocrx_word' id='word_1_1' title='bbox 1637 404 1916 457; x_wconf 67' lang='lat'>..52-</span> 
     </span>
    </p>
   </div>
   <div class='ocr_carea' id='block_1_2' title="bbox 684 525 2888 4408">
    <p class='ocr_par' dir='ltr' id='par_1_2' title="bbox 684 525 2888 4280">
     <span class='ocr_line' id='line_1_2' title="bbox 688 525 2866 620; baseline -0.004 -20"><span class='ocrx_word' id='word_1_2' title='bbox 688 532 972 600; x_wconf 90' lang='lat' dir='ltr'>concedo</span> <span class='ocrx_word' id='word_1_3' title='bbox 1004 531 1073 597; x_wconf 88' lang='lat' dir='ltr'>in</span> <span class='ocrx_word' id='word_1_4' title='bbox 1102 549 1311 620; x_wconf 81' lang='lat' dir='ltr'>graeca</span> <span class='ocrx_word' id='word_1_5' title='bbox 1352 529 1579 618; x_wconf 85' lang='lat' dir='ltr'>lingua</span> <span class='ocrx_word' id='word_1_6' title='bbox 1624 529 1862 618; x_wconf 85' lang='lat' dir='ltr'>saepius</span> <span class='ocrx_word' id='word_1_7' title='bbox 1893 526 2159 618; x_wconf 74' lang='lat' dir='ltr'>optativi</span> <span class='ocrx_word' id='word_1_8' title='bbox 2200 526 2336 593; x_wconf 87' lang='lat' dir='ltr'>vim</span> <span class='ocrx_word' id='word_1_9' title='bbox 2369 525 2596 603; x_wconf 84' lang='lat' dir='ltr'>fuisse,</span> <span class='ocrx_word' id='word_1_10' title='bbox 2644 531 2720 592; x_wconf 91' lang='lat' dir='ltr'>ut</span> <span class='ocrx_word' id='word_1_11' title='bbox 2749 545 2866 592; x_wconf 87' lang='lat' dir='ltr'>no-</span> 
     </span>
     <span class='ocr_line' id='line_1_3' title="bbox 690 631 2872 729; baseline -0.003 -22"><span class='ocrx_word' id='word_1_12' title='bbox 690 662 840 709; x_wconf 90' lang='lat' dir='ltr'>men</span> <span class='ocrx_word' id='word_1_13' title='bbox 874 639 1092 729; x_wconf 91' lang='lat' dir='ltr'>ipsum</span> <span class='ocrx_word' id='word_1_14' title='bbox 1124 636 1393 715; x_wconf 89' lang='lat' dir='ltr'>indicat,</span> <span class='ocrx_word' id='word_1_15' title='bbox 1434 637 1639 727; x_wconf 86' lang='lat' dir='ltr'>optati</span> <span class='ocrx_word' id='word_1_16' title='bbox 1667 643 1926 705; x_wconf 88' lang='lat' dir='ltr'>tantum</span> <span class='ocrx_word' id='word_1_17' title='bbox 1955 634 2481 726; x_wconf 84' lang='lat' dir='ltr'>exprimendi.At</span> <span class='ocrx_word' id='word_1_18' title='bbox 2505 631 2764 703; x_wconf 90' lang='lat' dir='ltr'>etiamsi</span> <span class='ocrx_word' id='word_1_19' title='bbox 2789 631 2872 700; x_wconf 90' lang='lat' dir='ltr'>de</span> 
     </span>
     <span class='ocr_line' id='line_1_4' title="bbox 686 741 2874 838; baseline -0.005 -20"><span class='ocrx_word' id='word_1_20' title='bbox 686 771 763 818; x_wconf 91' lang='lat' dir='ltr'>eo</span> <span class='ocrx_word' id='word_1_21' title='bbox 799 748 1272 838; x_wconf 86' lang='lat' dir='ltr'>disputaretur,</span> <span class='ocrx_word' id='word_1_22' title='bbox 1308 754 1536 817; x_wconf 88' lang='lat' dir='ltr'>utrum</span> <span class='ocrx_word' id='word_1_23' title='bbox 1578 745 1648 812; x_wconf 90' lang='lat' dir='ltr'>in</span> <span class='ocrx_word' id='word_1_24' title='bbox 1677 744 1962 836; x_wconf 85' lang='lat' dir='ltr'>optativo</span> <span class='ocrx_word' id='word_1_25' title='bbox 1988 744 2378 835; x_wconf 82' lang='lat' dir='ltr'>precationis</span> <span class='ocrx_word' id='word_1_26' title='bbox 2412 741 2592 811; x_wconf 91' lang='lat' dir='ltr'>notio</span> <span class='ocrx_word' id='word_1_27' title='bbox 2621 763 2658 809; x_wconf 93' lang='lat' dir='ltr'>e</span> <span class='ocrx_word' id='word_1_28' title='bbox 2694 761 2874 808; x_wconf 85' lang='lat' dir='ltr'>mera</span> 
     </span>
     <span class='ocr_line' id='line_1_5' title="bbox 686 847 2876 947; baseline -0.004 -23"><span class='ocrx_word' id='word_1_29' title='bbox 686 855 1018 947; x_wconf 84' lang='lat' dir='ltr'>cupidinis</span> <span class='ocrx_word' id='word_1_30' title='bbox 1043 855 1330 934; x_wconf 89' lang='lat' dir='ltr'>notione,</span> <span class='ocrx_word' id='word_1_31' title='bbox 1368 862 1443 923; x_wconf 91' lang='lat' dir='ltr'>ut</span> <span class='ocrx_word' id='word_1_32' title='bbox 1472 853 1583 923; x_wconf 92' lang='lat' dir='ltr'>ille</span> <span class='ocrx_word' id='word_1_33' title='bbox 1610 855 1777 934; x_wconf 81' lang='lat' dir='ltr'>vult,</span> <span class='ocrx_word' id='word_1_34' title='bbox 1814 861 1955 922; x_wconf 90' lang='lat' dir='ltr'>orta</span> <span class='ocrx_word' id='word_1_35' title='bbox 1997 853 2104 932; x_wconf 88' lang='lat' dir='ltr'>sit,</span> <span class='ocrx_word' id='word_1_36' title='bbox 2139 874 2248 931; x_wconf 89' lang='lat' dir='ltr'>an,</span> <span class='ocrx_word' id='word_1_37' title='bbox 2284 851 2424 921; x_wconf 90' lang='lat' dir='ltr'>vice</span> <span class='ocrx_word' id='word_1_38' title='bbox 2447 871 2658 928; x_wconf 90' lang='lat' dir='ltr'>versa,</span> <span class='ocrx_word' id='word_1_39' title='bbox 2698 847 2876 938; x_wconf 95' lang='lat' dir='ltr'>quod</span> 
     </span>
     <span class='ocr_line' id='line_1_6' title="bbox 684 959 2874 1053; baseline -0.003 -21"><span class='ocrx_word' id='word_1_40' title='bbox 684 987 818 1033; x_wconf 91' lang='lat' dir='ltr'>non</span> <span class='ocrx_word' id='word_1_41' title='bbox 863 964 1209 1042; x_wconf 85' lang='lat' dir='ltr'>contendo,</span> <span class='ocrx_word' id='word_1_42' title='bbox 1254 985 1291 1032; x_wconf 91' lang='lat' dir='ltr'>e</span> <span class='ocrx_word' id='word_1_43' title='bbox 1332 963 1731 1053; x_wconf 83' lang='lat' dir='ltr'>precationis</span> <span class='ocrx_word' id='word_1_44' title='bbox 1769 962 2042 1031; x_wconf 89' lang='lat' dir='ltr'>notione</span> <span class='ocrx_word' id='word_1_45' title='bbox 2071 962 2154 1029; x_wconf 91' lang='lat' dir='ltr'>ad</span> <span class='ocrx_word' id='word_1_46' title='bbox 2185 959 2516 1052; x_wconf 87' lang='lat' dir='ltr'>cupidinis</span> <span class='ocrx_word' id='word_1_47' title='bbox 2540 959 2874 1028; x_wconf 90' lang='lat' dir='ltr'>notionem</span> 
     </span>
     <span class='ocr_line' id='line_1_7' title="bbox 687 1064 2876 1162; baseline -0.004 -21"><span class='ocrx_word' id='word_1_48' title='bbox 687 1072 775 1142; x_wconf 89' lang='lat' dir='ltr'>sit</span> <span class='ocrx_word' id='word_1_49' title='bbox 804 1071 1181 1150; x_wconf 74' lang='lat' dir='ltr'>transitum,</span> <span class='ocrx_word' id='word_1_50' title='bbox 1212 1071 1537 1162; x_wconf 90' lang='lat' dir='ltr'>posterior</span> <span class='ocrx_word' id='word_1_51' title='bbox 1558 1071 1905 1149; x_wconf 86' lang='lat' dir='ltr'>sententia,</span> <span class='ocrx_word' id='word_1_52' title='bbox 1937 1070 2180 1139; x_wconf 90' lang='lat' dir='ltr'>omissa</span> <span class='ocrx_word' id='word_1_53' title='bbox 2211 1069 2478 1160; x_wconf 90' lang='lat' dir='ltr'>quidem</span> <span class='ocrx_word' id='word_1_54' title='bbox 2506 1064 2876 1138; x_wconf 84' lang='lat' dir='ltr'>Delbruckii</span> 
     </span>
     <span class='ocr_line' id='line_1_8' title="bbox 688 1175 2871 1258; baseline -0.003 -9"><span class='ocrx_word' id='word_1_55' title='bbox 688 1181 767 1249; x_wconf 89' lang='lat' dir='ltr'>do</span> <span class='ocrx_word' id='word_1_56' title='bbox 802 1181 981 1249; x_wconf 94' lang='lat' dir='ltr'>modi</span> <span class='ocrx_word' id='word_1_57' title='bbox 1013 1179 1479 1249; x_wconf 82' lang='lat' dir='ltr'>informatione</span> <span class='ocrx_word' id='word_1_58' title='bbox 1506 1179 1831 1258; x_wconf 86' lang='lat' dir='ltr'>doctrina,</span> <span class='ocrx_word' id='word_1_59' title='bbox 1851 1179 2061 1248; x_wconf 87' lang='lat' dir='ltr'>multo</span> <span class='ocrx_word' id='word_1_60' title='bbox 2079 1176 2505 1248; x_wconf 78' lang='lat' dir='ltr'>verisimilior</span> <span class='ocrx_word' id='word_1_61' title='bbox 2518 1175 2871 1253; x_wconf 86' lang='lat' dir='ltr'>videretur,</span> 
     </span>
     <span class='ocr_line' id='line_1_9' title="bbox 688 1285 2878 1378; baseline -0.003 -20"><span class='ocrx_word' id='word_1_62' title='bbox 688 1309 897 1378; x_wconf 90' lang='lat' dir='ltr'>quum</span> <span class='ocrx_word' id='word_1_63' title='bbox 928 1288 1323 1378; x_wconf 86' lang='lat' dir='ltr'>precationis</span> <span class='ocrx_word' id='word_1_64' title='bbox 1354 1309 1540 1367; x_wconf 82' lang='lat' dir='ltr'>usuS‚</span> <span class='ocrx_word' id='word_1_65' title='bbox 1578 1295 1645 1357; x_wconf 93' lang='lat' dir='ltr'>et</span> <span class='ocrx_word' id='word_1_66' title='bbox 1668 1296 1907 1358; x_wconf 86' lang='lat' dir='ltr'>natura</span> <span class='ocrx_word' id='word_1_67' title='bbox 1951 1286 2358 1377; x_wconf 86' lang='lat' dir='ltr'>frequentior</span> <span class='ocrx_word' id='word_1_68' title='bbox 2387 1285 2498 1365; x_wconf 91' lang='lat' dir='ltr'>sit,</span> <span class='ocrx_word' id='word_1_69' title='bbox 2539 1285 2702 1353; x_wconf 90' lang='lat' dir='ltr'>etin</span> <span class='ocrx_word' id='word_1_70' title='bbox 2731 1285 2878 1353; x_wconf 85' lang='lat' dir='ltr'>lite-</span> 
     </span>
     <span class='ocr_line' id='line_1_10' title="bbox 688 1393 2879 1486; baseline -0.003 -20"><span class='ocrx_word' id='word_1_71' title='bbox 688 1419 917 1466; x_wconf 89' lang='lat' dir='ltr'>rarum</span> <span class='ocrx_word' id='word_1_72' title='bbox 967 1395 1413 1464; x_wconf 85' lang='lat' dir='ltr'>monumentis</span> <span class='ocrx_word' id='word_1_73' title='bbox 1462 1395 1945 1485; x_wconf 83' lang='lat' dir='ltr'>antiquissimis</span> <span class='ocrx_word' id='word_1_74' title='bbox 1989 1395 2227 1486; x_wconf 86' lang='lat' dir='ltr'>saepius</span> <span class='ocrx_word' id='word_1_75' title='bbox 2270 1393 2635 1485; x_wconf 87' lang='lat' dir='ltr'>reperiatur</span> <span class='ocrx_word' id='word_1_76' title='bbox 2677 1413 2879 1484; x_wconf 89' lang='lat' dir='ltr'>quam</span> 
     </span>
     <span class='ocr_line' id='line_1_11' title="bbox 690 1501 2880 1595; baseline -0.002 -23"><span class='ocrx_word' id='word_1_77' title='bbox 690 1527 872 1574; x_wconf 89' lang='lat' dir='ltr'>mera</span> <span class='ocrx_word' id='word_1_78' title='bbox 897 1503 1227 1595; x_wconf 87' lang='lat' dir='ltr'>cupidinis</span> <span class='ocrx_word' id='word_1_79' title='bbox 1264 1503 1642 1572; x_wconf 90' lang='lat' dir='ltr'>declaratio.</span> <span class='ocrx_word' id='word_1_80' title='bbox 1677 1505 1878 1592; x_wconf 90' lang='lat' dir='ltr'>Hujus</span> <span class='ocrx_word' id='word_1_81' title='bbox 1903 1503 2083 1572; x_wconf 90' lang='lat' dir='ltr'>enim</span> <span class='ocrx_word' id='word_1_82' title='bbox 2112 1509 2393 1581; x_wconf 90' lang='lat' dir='ltr'>certum,</span> <span class='ocrx_word' id='word_1_83' title='bbox 2435 1524 2580 1572; x_wconf 89' lang='lat' dir='ltr'>mea</span> <span class='ocrx_word' id='word_1_84' title='bbox 2609 1501 2880 1591; x_wconf 89' lang='lat' dir='ltr'>quidem</span> 
     </span>
     <span class='ocr_line' id='line_1_12' title="bbox 690 1610 2883 1701; baseline -0.001 -20"><span class='ocrx_word' id='word_1_85' title='bbox 690 1613 1033 1691; x_wconf 88' lang='lat' dir='ltr'>sententia,</span> <span class='ocrx_word' id='word_1_86' title='bbox 1090 1611 1465 1701; x_wconf 88' lang='lat' dir='ltr'>exemplum</span> <span class='ocrx_word' id='word_1_87' title='bbox 1521 1610 1628 1679; x_wconf 82' lang='lat' dir='ltr'>vix</span> <span class='ocrx_word' id='word_1_88' title='bbox 1667 1631 1877 1680; x_wconf 88' lang='lat' dir='ltr'>unum</span> <span class='ocrx_word' id='word_1_89' title='bbox 1923 1617 1988 1680; x_wconf 90' lang='lat' dir='ltr'>et</span> <span class='ocrx_word' id='word_1_90' title='bbox 2039 1611 2321 1680; x_wconf 87' lang='lat' dir='ltr'>alterum</span> <span class='ocrx_word' id='word_1_91' title='bbox 2369 1610 2804 1682; x_wconf 86' lang='lat' dir='ltr'>Delbruckius</span> <span class='ocrx_word' id='word_1_92' title='bbox 2845 1631 2883 1679; x_wconf 94' lang='lat' dir='ltr'>e</span> 
     </span>
     <span class='ocr_line' id='line_1_13' title="bbox 690 1717 2876 1809; baseline -0.001 -21"><span class='ocrx_word' id='word_1_93' title='bbox 690 1720 935 1789; x_wconf 86' lang='lat' dir='ltr'>vodicis</span> <span class='ocrx_word' id='word_1_94' title='bbox 964 1719 1227 1809; x_wconf 88' lang='lat' dir='ltr'>scriptis</span> <span class='ocrx_word' id='word_1_95' title='bbox 1254 1720 1499 1798; x_wconf 86' lang='lat' dir='ltr'>attulit,</span> <span class='ocrx_word' id='word_1_96' title='bbox 1528 1721 1723 1808; x_wconf 92' lang='lat' dir='ltr'>quale</span> <span class='ocrx_word' id='word_1_97' title='bbox 1751 1727 1848 1788; x_wconf 92' lang='lat' dir='ltr'>est</span> <span class='ocrx_word' id='word_1_98' title='bbox 1878 1721 2026 1798; x_wconf 90' lang='lat' dir='ltr'>hoc,</span> <span class='ocrx_word' id='word_1_99' title='bbox 2063 1741 2146 1788; x_wconf 92' lang='lat' dir='ltr'>ne</span> <span class='ocrx_word' id='word_1_100' title='bbox 2178 1741 2215 1788; x_wconf 87' lang='lat' dir='ltr'>e</span> <span class='ocrx_word' id='word_1_101' title='bbox 2237 1719 2561 1808; x_wconf 85' lang='lat' dir='ltr'>Rig-Veda</span> <span class='ocrx_word' id='word_1_102' title='bbox 2581 1717 2876 1808; x_wconf 85' lang='lat' dir='ltr'>quidem,</span> 
     </span>
     <span class='ocr_line' id='line_1_14' title="bbox 691 1828 2882 1918; baseline -0.002 -19"><span class='ocrx_word' id='word_1_103' title='bbox 691 1831 804 1899; x_wconf 87' lang='lat' dir='ltr'>sed</span> <span class='ocrx_word' id='word_1_104' title='bbox 842 1851 918 1898; x_wconf 87' lang='lat' dir='ltr'>ex</span> <span class='ocrx_word' id='word_1_105' title='bbox 943 1829 1643 1918; x_wconf 80' lang='lat' dir='ltr'>Aitareya-Brahmana</span> <span class='ocrx_word' id='word_1_106' title='bbox 1686 1829 2048 1896; x_wconf 88' lang='lat' dir='ltr'>haustum:</span> <span class='ocrx_word' id='word_1_107' title='bbox 2094 1829 2158 1906; x_wconf 78' lang='lat'>2,</span> <span class='ocrx_word' id='word_1_108' title='bbox 2205 1828 2315 1906; x_wconf 80' lang='lat'>55,</span> <span class='ocrx_word' id='word_1_109' title='bbox 2371 1829 2753 1918; x_wconf 74' lang='lat' dir='ltr'>prajapatir</span> <span class='ocrx_word' id='word_1_110' title='bbox 2799 1841 2882 1898; x_wconf 84' lang='grc' dir='ltr'>υῑι</span> 
     </span>
     <span class='ocr_line' id='line_1_15' title="bbox 690 1936 2886 2026; baseline -0.001 -21"><span class='ocrx_word' id='word_1_111' title='bbox 690 1937 873 2006; x_wconf 82' lang='lat' dir='ltr'>idam</span> <span class='ocrx_word' id='word_1_112' title='bbox 918 1939 1038 2005; x_wconf 80' lang='lat' dir='ltr'>eka</span> <span class='ocrx_word' id='word_1_113' title='bbox 1076 1949 1319 2025; x_wconf 68' lang='lat' dir='ltr'>evaqra</span> <span class='ocrx_word' id='word_1_114' title='bbox 1368 1949 1493 2002; x_wconf 78' lang='grc' dir='ltr'>ᾱεα</span> <span class='ocrx_word' id='word_1_115' title='bbox 1541 1936 1634 2003; x_wconf 84' lang='lat' dir='ltr'>so&#39;</span> <span class='ocrx_word' id='word_1_116' title='bbox 1687 1937 2045 2026; x_wconf 72' lang='lat' dir='ltr'>kamayata</span> <span class='ocrx_word' id='word_1_117' title='bbox 2083 1959 2103 2003; x_wconf 89' lang='lat'>.·</span> <span class='ocrx_word' id='word_1_118' title='bbox 2159 1937 2531 2026; x_wconf 79' lang='lat' dir='ltr'>prajc‘zyeya</span> <span class='ocrx_word' id='word_1_119' title='bbox 2584 1936 2886 2025; x_wconf 61' lang='lat' dir='ltr'>bhziyant</span> 
     </span>
     <span class='ocr_line' id='line_1_16' title="bbox 691 2043 2879 2136; baseline -0.002 -22"><span class='ocrx_word' id='word_1_120' title='bbox 691 2060 881 2136; x_wconf 76' lang='lat' dir='ltr'>syam</span> <span class='ocrx_word' id='word_1_121' title='bbox 914 2048 1020 2131; x_wconf 82' lang='lat' dir='ltr'>iti,</span> <span class='ocrx_word' id='word_1_122' title='bbox 1057 2071 1090 2108; x_wconf 90' lang='lat'>«</span> <span class='ocrx_word' id='word_1_123' title='bbox 1114 2043 1477 2134; x_wconf 86' lang='lat' dir='ltr'>Prajapatis</span> <span class='ocrx_word' id='word_1_124' title='bbox 1507 2043 1577 2110; x_wconf 89' lang='lat' dir='ltr'>in</span> <span class='ocrx_word' id='word_1_125' title='bbox 1605 2043 1935 2133; x_wconf 85' lang='lat' dir='ltr'>principio</span> <span class='ocrx_word' id='word_1_126' title='bbox 1964 2065 2141 2113; x_wconf 89' lang='lat' dir='ltr'>unus</span> <span class='ocrx_word' id='word_1_127' title='bbox 2169 2051 2310 2112; x_wconf 89' lang='lat' dir='ltr'>crat</span> <span class='ocrx_word' id='word_1_128' title='bbox 2350 2044 2675 2133; x_wconf 92' lang='lat' dir='ltr'>quidquid</span> <span class='ocrx_word' id='word_1_129' title='bbox 2701 2050 2879 2123; x_wconf 85' lang='lat' dir='ltr'>erat;</span> 
     </span>
     <span class='ocr_line' id='line_1_17' title="bbox 692 2135 2885 2245; baseline -0.003 -21"><span class='ocrx_word' id='word_1_130' title='bbox 692 2154 949 2245; x_wconf 90' lang='lat' dir='ltr'>cupiit:</span> <span class='ocrx_word' id='word_1_131' title='bbox 1000 2153 1289 2242; x_wconf 83' lang='lat' dir='ltr'>gignam‚</span> <span class='ocrx_word' id='word_1_132' title='bbox 1338 2151 1834 2240; x_wconf 85' lang='lat' dir='ltr'>multiplicer.»</span> <span class='ocrx_word' id='word_1_133' title='bbox 1877 2150 2051 2219; x_wconf 88' lang='lat' dir='ltr'>Nihil</span> <span class='ocrx_word' id='word_1_134' title='bbox 2104 2151 2371 2240; x_wconf 90' lang='lat' dir='ltr'>quidem</span> <span class='ocrx_word' id='word_1_135' title='bbox 2402 2135 2526 2219; x_wconf 29' lang='lat' dir='ltr'>*his</span> <span class='ocrx_word' id='word_1_136' title='bbox 2580 2151 2885 2243; x_wconf 77' lang='lat' dir='ltr'>optativis</span> 
     </span>
     <span class='ocr_line' id='line_1_18' title="bbox 693 2257 2884 2348; baseline -0.001 -18"><span class='ocrx_word' id='word_1_137' title='bbox 693 2262 1065 2330; x_wconf 87' lang='lat' dir='ltr'>declaratur</span> <span class='ocrx_word' id='word_1_138' title='bbox 1119 2258 1249 2326; x_wconf 90' lang='lat' dir='ltr'>nisi</span> <span class='ocrx_word' id='word_1_139' title='bbox 1300 2278 1481 2325; x_wconf 92' lang='lat' dir='ltr'>mera</span> <span class='ocrx_word' id='word_1_140' title='bbox 1513 2258 1778 2347; x_wconf 90' lang='lat' dir='ltr'>cupido.</span> <span class='ocrx_word' id='word_1_141' title='bbox 1825 2257 1948 2326; x_wconf 91' lang='lat' dir='ltr'>Sed</span> <span class='ocrx_word' id='word_1_142' title='bbox 1996 2259 2325 2347; x_wconf 91' lang='lat' dir='ltr'>ejusmodi</span> <span class='ocrx_word' id='word_1_143' title='bbox 2360 2259 2734 2348; x_wconf 83' lang='lat' dir='ltr'>exemplum</span> <span class='ocrx_word' id='word_1_144' title='bbox 2769 2259 2884 2328; x_wconf 81' lang='lat' dir='ltr'>ad·-</span> 
     </span>
     <span class='ocr_line' id='line_1_19' title="bbox 692 2363 2886 2457; baseline -0.002 -20"><span class='ocrx_word' id='word_1_145' title='bbox 692 2390 922 2438; x_wconf 82' lang='lat' dir='ltr'>versus</span> <span class='ocrx_word' id='word_1_146' title='bbox 949 2365 1414 2436; x_wconf 87' lang='lat' dir='ltr'>Delbruckium</span> <span class='ocrx_word' id='word_1_147' title='bbox 1437 2363 1680 2432; x_wconf 82' lang='lat' dir='ltr'>revolvi</span> <span class='ocrx_word' id='word_1_148' title='bbox 1702 2364 1929 2453; x_wconf 90' lang='lat' dir='ltr'>possit.</span> <span class='ocrx_word' id='word_1_149' title='bbox 1964 2367 2102 2445; x_wconf 91' lang='lat' dir='ltr'>Quo</span> <span class='ocrx_word' id='word_1_150' title='bbox 2123 2366 2300 2434; x_wconf 90' lang='lat' dir='ltr'>enim</span> <span class='ocrx_word' id='word_1_151' title='bbox 2326 2367 2590 2457; x_wconf 85' lang='lat' dir='ltr'>longius</span> <span class='ocrx_word' id='word_1_152' title='bbox 2615 2366 2886 2436; x_wconf 91' lang='lat' dir='ltr'>arcessi-</span> 
     </span>
     <span class='ocr_line' id='line_1_20' title="bbox 695 2472 2883 2568; baseline -0.002 -21"><span class='ocrx_word' id='word_1_153' title='bbox 695 2485 837 2547; x_wconf 93' lang='lat' dir='ltr'>tum</span> <span class='ocrx_word' id='word_1_154' title='bbox 862 2484 961 2546; x_wconf 93' lang='lat' dir='ltr'>est</span> <span class='ocrx_word' id='word_1_155' title='bbox 990 2481 1211 2566; x_wconf 89' lang='lat' dir='ltr'>utpote</span> <span class='ocrx_word' id='word_1_156' title='bbox 1244 2474 1325 2542; x_wconf 87' lang='lat' dir='ltr'>ad</span> <span class='ocrx_word' id='word_1_157' title='bbox 1352 2472 1898 2565; x_wconf 88' lang='lat' dir='ltr'>philosophorum</span> <span class='ocrx_word' id='word_1_158' title='bbox 1928 2473 2293 2544; x_wconf 89' lang='lat' dir='ltr'>doctrinam</span> <span class='ocrx_word' id='word_1_159' title='bbox 2313 2478 2883 2568; x_wconf 73' lang='lat' dir='ltr'>accommodatum</span> 
     </span>
     <span class='ocr_line' id='line_1_21' title="bbox 697 2582 2883 2675; baseline -0.002 -19"><span class='ocrx_word' id='word_1_160' title='bbox 697 2589 777 2656; x_wconf 89' lang='lat' dir='ltr'>de</span> <span class='ocrx_word' id='word_1_161' title='bbox 806 2586 1053 2655; x_wconf 91' lang='lat' dir='ltr'>mundo</span> <span class='ocrx_word' id='word_1_162' title='bbox 1072 2607 1107 2652; x_wconf 92' lang='lat' dir='ltr'>e</span> <span class='ocrx_word' id='word_1_163' title='bbox 1130 2605 1310 2652; x_wconf 86' lang='lat' dir='ltr'>mera</span> <span class='ocrx_word' id='word_1_164' title='bbox 1342 2582 1639 2651; x_wconf 90' lang='lat' dir='ltr'>numinis</span> <span class='ocrx_word' id='word_1_165' title='bbox 1661 2582 1969 2673; x_wconf 91' lang='lat' dir='ltr'>cupidine</span> <span class='ocrx_word' id='word_1_166' title='bbox 1993 2589 2162 2663; x_wconf 81' lang='lat' dir='ltr'>ortO,</span> <span class='ocrx_word' id='word_1_167' title='bbox 2181 2586 2356 2675; x_wconf 93' lang='lat' dir='ltr'>quod</span> <span class='ocrx_word' id='word_1_168' title='bbox 2382 2606 2656 2666; x_wconf 88' lang='lat' dir='ltr'>numen,</span> <span class='ocrx_word' id='word_1_169' title='bbox 2675 2607 2883 2675; x_wconf 83' lang='lat' dir='ltr'>quum</span> 
     </span>
     <span class='ocr_line' id='line_1_22' title="bbox 696 2690 2884 2789; baseline -0.003 -24"><span class='ocrx_word' id='word_1_170' title='bbox 696 2696 970 2765; x_wconf 91' lang='lat' dir='ltr'>unicum</span> <span class='ocrx_word' id='word_1_171' title='bbox 1026 2692 1249 2789; x_wconf 80' lang='lat' dir='ltr'>fuerit,</span> <span class='ocrx_word' id='word_1_172' title='bbox 1298 2690 1608 2781; x_wconf 89' lang='lat' dir='ltr'>cupidine</span> <span class='ocrx_word' id='word_1_173' title='bbox 1658 2699 1916 2761; x_wconf 88' lang='lat' dir='ltr'>tantum</span> <span class='ocrx_word' id='word_1_174' title='bbox 1953 2695 2208 2765; x_wconf 82' lang='lat' dir='ltr'>efficere</span> <span class='ocrx_word' id='word_1_175' title='bbox 2258 2695 2470 2786; x_wconf 91' lang='lat' dir='ltr'>potuit</span> <span class='ocrx_word' id='word_1_176' title='bbox 2509 2716 2654 2785; x_wconf 82' lang='lat' dir='ltr'>quae</span> <span class='ocrx_word' id='word_1_177' title='bbox 2687 2692 2884 2763; x_wconf 89' lang='lat' dir='ltr'>ceteri</span> 
     </span>
     <span class='ocr_line' id='line_1_23' title="bbox 696 2800 2882 2895; baseline -0.001 -24"><span class='ocrx_word' id='word_1_178' title='bbox 696 2803 1000 2894; x_wconf 85' lang='lat' dir='ltr'>precibus</span> <span class='ocrx_word' id='word_1_179' title='bbox 1035 2800 1354 2876; x_wconf 91' lang='lat' dir='ltr'>obtinent,</span> <span class='ocrx_word' id='word_1_180' title='bbox 1389 2806 1453 2867; x_wconf 86' lang='lat' dir='ltr'>ct</span> <span class='ocrx_word' id='word_1_181' title='bbox 1480 2821 1689 2888; x_wconf 92' lang='lat' dir='ltr'>quum</span> <span class='ocrx_word' id='word_1_182' title='bbox 1717 2802 2132 2891; x_wconf 88' lang='lat' dir='ltr'>omnipotens</span> <span class='ocrx_word' id='word_1_183' title='bbox 2162 2803 2249 2873; x_wconf 91' lang='lat' dir='ltr'>sit</span> <span class='ocrx_word' id='word_1_184' title='bbox 2280 2803 2496 2895; x_wconf 86' lang='lat' dir='ltr'>reipsa</span> <span class='ocrx_word' id='word_1_185' title='bbox 2526 2803 2763 2880; x_wconf 80' lang='lat' dir='ltr'>effecit,</span> <span class='ocrx_word' id='word_1_186' title='bbox 2799 2840 2882 2853; x_wconf 89' lang='lat'><em>-</em></span> 
     </span>
     <span class='ocr_line' id='line_1_24' title="bbox 696 2906 2882 3001; baseline -0.002 -20"><span class='ocrx_word' id='word_1_187' title='bbox 696 2934 772 2981; x_wconf 92' lang='lat' dir='ltr'>eo</span> <span class='ocrx_word' id='word_1_188' title='bbox 805 2908 1183 2980; x_wconf 90' lang='lat' dir='ltr'>distinctius</span> <span class='ocrx_word' id='word_1_189' title='bbox 1215 2906 1586 2997; x_wconf 89' lang='lat' dir='ltr'>perspicere</span> <span class='ocrx_word' id='word_1_190' title='bbox 1609 2930 1968 2998; x_wconf 91' lang='lat' dir='ltr'>possumus</span> <span class='ocrx_word' id='word_1_191' title='bbox 2003 2934 2206 3001; x_wconf 91' lang='lat' dir='ltr'>quam</span> <span class='ocrx_word' id='word_1_192' title='bbox 2233 2912 2500 2981; x_wconf 85' lang='lat' dir='ltr'>difficile</span> <span class='ocrx_word' id='word_1_193' title='bbox 2533 2912 2620 2980; x_wconf 93' lang='lat' dir='ltr'>sit</span> <span class='ocrx_word' id='word_1_194' title='bbox 2645 2911 2715 2978; x_wconf 89' lang='lat' dir='ltr'>in</span> <span class='ocrx_word' id='word_1_195' title='bbox 2748 2932 2882 2979; x_wconf 89' lang='lat' dir='ltr'>ser-</span> 
     </span>
     <span class='ocr_line' id='line_1_25' title="bbox 699 3014 2879 3112; baseline -0.003 -23"><span class='ocrx_word' id='word_1_196' title='bbox 699 3041 892 3089; x_wconf 88' lang='lat' dir='ltr'>mone</span> <span class='ocrx_word' id='word_1_197' title='bbox 940 3016 1281 3087; x_wconf 88' lang='lat' dir='ltr'>communi</span> <span class='ocrx_word' id='word_1_198' title='bbox 1322 3014 1768 3104; x_wconf 86' lang='lat' dir='ltr'>precationem</span> <span class='ocrx_word' id='word_1_199' title='bbox 1820 3040 1858 3086; x_wconf 90' lang='lat' dir='ltr'>a</span> <span class='ocrx_word' id='word_1_200' title='bbox 1913 3041 2095 3088; x_wconf 92' lang='lat' dir='ltr'>mera</span> <span class='ocrx_word' id='word_1_201' title='bbox 2151 3021 2458 3112; x_wconf 88' lang='lat' dir='ltr'>cupidine</span> <span class='ocrx_word' id='word_1_202' title='bbox 2519 3040 2879 3089; x_wconf 87' lang='lat' dir='ltr'>secernere.</span> 
     </span>
     <span class='ocr_line' id='line_1_26' title="bbox 696 3123 2886 3220; baseline -0.001 -23"><span class='ocrx_word' id='word_1_203' title='bbox 696 3127 1132 3209; x_wconf 84' lang='lat' dir='ltr'>Quaestionem</span> <span class='ocrx_word' id='word_1_204' title='bbox 1162 3130 1381 3192; x_wconf 87' lang='lat' dir='ltr'>autem</span> <span class='ocrx_word' id='word_1_205' title='bbox 1411 3141 1542 3191; x_wconf 90' lang='lat' dir='ltr'>non</span> <span class='ocrx_word' id='word_1_206' title='bbox 1574 3123 1664 3192; x_wconf 88' lang='lat' dir='ltr'>ita</span> <span class='ocrx_word' id='word_1_207' title='bbox 1704 3129 2196 3216; x_wconf 87' lang='lat' dir='ltr'>proponendam</span> <span class='ocrx_word' id='word_1_208' title='bbox 2213 3135 2288 3197; x_wconf 92' lang='lat' dir='ltr'>ut</span> <span class='ocrx_word' id='word_1_209' title='bbox 2319 3150 2516 3220; x_wconf 91' lang='lat' dir='ltr'>supra</span> <span class='ocrx_word' id='word_1_210' title='bbox 2547 3127 2731 3206; x_wconf 85' lang='lat' dir='ltr'>finxi,</span> <span class='ocrx_word' id='word_1_211' title='bbox 2763 3147 2886 3195; x_wconf 88' lang='lat' dir='ltr'>nec</span> 
     </span>
     <span class='ocr_line' id='line_1_27' title="bbox 699 3232 2880 3328; baseline -0.005 -21"><span class='ocrx_word' id='word_1_212' title='bbox 699 3234 1027 3328; x_wconf 89' lang='lat' dir='ltr'>cupidinis</span> <span class='ocrx_word' id='word_1_213' title='bbox 1047 3232 1383 3300; x_wconf 92' lang='lat' dir='ltr'>notionem</span> <span class='ocrx_word' id='word_1_214' title='bbox 1406 3252 1442 3297; x_wconf 87' lang='lat' dir='ltr'>a</span> <span class='ocrx_word' id='word_1_215' title='bbox 1470 3232 1734 3301; x_wconf 88' lang='lat' dir='ltr'>notione</span> <span class='ocrx_word' id='word_1_216' title='bbox 1753 3234 2149 3322; x_wconf 89' lang='lat' dir='ltr'>precationis</span> <span class='ocrx_word' id='word_1_217' title='bbox 2171 3236 2596 3306; x_wconf 86' lang='lat' dir='ltr'>derivandam</span> <span class='ocrx_word' id='word_1_218' title='bbox 2625 3256 2880 3303; x_wconf 89' lang='lat' dir='ltr'>censeo.</span> 
     </span>
     <span class='ocr_line' id='line_1_28' title="bbox 696 3332 2888 3431; baseline -0.003 -17"><span class='ocrx_word' id='word_1_219' title='bbox 696 3332 837 3414; x_wconf 90' lang='lat' dir='ltr'>Non</span> <span class='ocrx_word' id='word_1_220' title='bbox 866 3342 1033 3411; x_wconf 88' lang='lat' dir='ltr'>mihi</span> <span class='ocrx_word' id='word_1_221' title='bbox 1055 3339 1234 3409; x_wconf 92' lang='lat' dir='ltr'>enim</span> <span class='ocrx_word' id='word_1_222' title='bbox 1259 3345 1336 3407; x_wconf 88' lang='lat' dir='ltr'>ut</span> <span class='ocrx_word' id='word_1_223' title='bbox 1362 3338 1734 3408; x_wconf 85' lang='lat' dir='ltr'>adversario</span> <span class='ocrx_word' id='word_1_224' title='bbox 1766 3343 1978 3431; x_wconf 91' lang='lat' dir='ltr'>placet</span> <span class='ocrx_word' id='word_1_225' title='bbox 2015 3346 2365 3415; x_wconf 87' lang='lat' dir='ltr'>modorum</span> <span class='ocrx_word' id='word_1_226' title='bbox 2394 3367 2628 3414; x_wconf 84' lang='lat' dir='ltr'>sensus</span> <span class='ocrx_word' id='word_1_227' title='bbox 2658 3346 2888 3413; x_wconf 84' lang='lat' dir='ltr'>omnes</span> 
     </span>
     <span class='ocr_line' id='line_1_29' title="bbox 700 3448 2886 3544; baseline -0.002 -21"><span class='ocrx_word' id='word_1_228' title='bbox 700 3454 783 3523; x_wconf 90' lang='lat' dir='ltr'>ad</span> <span class='ocrx_word' id='word_1_229' title='bbox 818 3451 1165 3539; x_wconf 91' lang='lat' dir='ltr'>antiquum</span> <span class='ocrx_word' id='word_1_230' title='bbox 1217 3468 1430 3515; x_wconf 90' lang='lat' dir='ltr'>unum</span> <span class='ocrx_word' id='word_1_231' title='bbox 1482 3468 1810 3517; x_wconf 87' lang='lat' dir='ltr'>revocare.</span> <span class='ocrx_word' id='word_1_232' title='bbox 1844 3452 1931 3520; x_wconf 90' lang='lat' dir='ltr'>Eo</span> <span class='ocrx_word' id='word_1_233' title='bbox 1965 3448 2222 3521; x_wconf 85' lang='lat' dir='ltr'>tantum</span> <span class='ocrx_word' id='word_1_234' title='bbox 2245 3453 2602 3544; x_wconf 86' lang='lat' dir='ltr'>disputatio</span> <span class='ocrx_word' id='word_1_235' title='bbox 2635 3457 2886 3542; x_wconf 89' lang='lat' dir='ltr'>specta-</span> 
     </span>
     <span class='ocr_line' id='line_1_30' title="bbox 698 3554 2886 3649; baseline -0.002 -17"><span class='ocrx_word' id='word_1_236' title='bbox 698 3563 792 3632; x_wconf 82' lang='lat' dir='ltr'>vit</span> <span class='ocrx_word' id='word_1_237' title='bbox 818 3569 895 3631; x_wconf 88' lang='lat' dir='ltr'>ut</span> <span class='ocrx_word' id='word_1_238' title='bbox 917 3560 1438 3627; x_wconf 89' lang='lat' dir='ltr'>demonstrarem</span> <span class='ocrx_word' id='word_1_239' title='bbox 1466 3554 1664 3624; x_wconf 75' lang='lat' dir='ltr'>&#39;merae</span> <span class='ocrx_word' id='word_1_240' title='bbox 1690 3560 2020 3649; x_wconf 90' lang='lat' dir='ltr'>cupidinis</span> <span class='ocrx_word' id='word_1_241' title='bbox 2046 3563 2452 3631; x_wconf 85' lang='lat' dir='ltr'>declarandae</span> <span class='ocrx_word' id='word_1_242' title='bbox 2476 3561 2886 3631; x_wconf 85' lang='lat' dir='ltr'>occasionem</span> 
     </span>
     <span class='ocr_line' id='line_1_31' title="bbox 700 3664 2886 3761; baseline -0.002 -21"><span class='ocrx_word' id='word_1_243' title='bbox 700 3669 1113 3740; x_wconf 87' lang='lat' dir='ltr'>rarissimam</span> <span class='ocrx_word' id='word_1_244' title='bbox 1152 3670 1268 3734; x_wconf 90' lang='lat' dir='ltr'>aut</span> <span class='ocrx_word' id='word_1_245' title='bbox 1291 3664 1489 3732; x_wconf 91' lang='lat' dir='ltr'>etiam</span> <span class='ocrx_word' id='word_1_246' title='bbox 1510 3664 1646 3733; x_wconf 87' lang='lat' dir='ltr'>fere</span> <span class='ocrx_word' id='word_1_247' title='bbox 1694 3669 1948 3737; x_wconf 90' lang='lat' dir='ltr'>nullam</span> <span class='ocrx_word' id='word_1_248' title='bbox 1986 3669 2055 3738; x_wconf 92' lang='lat' dir='ltr'>in</span> <span class='ocrx_word' id='word_1_249' title='bbox 2094 3671 2308 3761; x_wconf 90' lang='lat' dir='ltr'>prima</span> <span class='ocrx_word' id='word_1_250' title='bbox 2344 3669 2668 3740; x_wconf 89' lang='lat' dir='ltr'>sermonis</span> <span class='ocrx_word' id='word_1_251' title='bbox 2697 3675 2886 3739; x_wconf 86' lang='lat' dir='ltr'>aetate</span> 
     </span>
     <span class='ocr_line' id='line_1_32' title="bbox 700 3771 2888 3867; baseline -0 -21"><span class='ocrx_word' id='word_1_252' title='bbox 700 3778 928 3855; x_wconf 81' lang='lat' dir='ltr'>fuisse,</span> <span class='ocrx_word' id='word_1_253' title='bbox 975 3775 1222 3843; x_wconf 90' lang='lat' dir='ltr'>nedum</span> <span class='ocrx_word' id='word_1_254' title='bbox 1270 3771 1351 3840; x_wconf 90' lang='lat' dir='ltr'>ab</span> <span class='ocrx_word' id='word_1_255' title='bbox 1390 3771 1504 3841; x_wconf 95' lang='lat' dir='ltr'>illo</span> <span class='ocrx_word' id='word_1_256' title='bbox 1536 3774 1960 3861; x_wconf 86' lang='lat' dir='ltr'>exquisitiore</span> <span class='ocrx_word' id='word_1_257' title='bbox 1991 3800 2190 3847; x_wconf 90' lang='lat' dir='ltr'>sensu</span> <span class='ocrx_word' id='word_1_258' title='bbox 2223 3779 2423 3848; x_wconf 90' lang='lat' dir='ltr'>ceteri</span> <span class='ocrx_word' id='word_1_259' title='bbox 2447 3800 2678 3848; x_wconf 88' lang='lat' dir='ltr'>omnes</span> <span class='ocrx_word' id='word_1_260' title='bbox 2712 3783 2888 3867; x_wconf 89' lang='lat' dir='ltr'>opta-</span> 
     </span>
     <span class='ocr_line' id='line_1_33' title="bbox 700 3880 2881 3975; baseline -0.001 -20"><span class='ocrx_word' id='word_1_261' title='bbox 700 3886 818 3955; x_wconf 83' lang='lat' dir='ltr'>tivi</span> <span class='ocrx_word' id='word_1_262' title='bbox 876 3880 1210 3953; x_wconf 89' lang='lat' dir='ltr'>derivandi</span> <span class='ocrx_word' id='word_1_263' title='bbox 1274 3886 1513 3948; x_wconf 87' lang='lat' dir='ltr'>essent.</span> <span class='ocrx_word' id='word_1_264' title='bbox 1594 3880 1705 3947; x_wconf 91' lang='lat' dir='ltr'>Vel</span> <span class='ocrx_word' id='word_1_265' title='bbox 1773 3882 1842 3948; x_wconf 91' lang='lat' dir='ltr'>in</span> <span class='ocrx_word' id='word_1_266' title='bbox 1913 3885 2246 3953; x_wconf 87' lang='lat' dir='ltr'>radicibus</span> <span class='ocrx_word' id='word_1_267' title='bbox 2305 3886 2548 3975; x_wconf 88' lang='lat' dir='ltr'>quibus</span> <span class='ocrx_word' id='word_1_268' title='bbox 2612 3908 2881 3955; x_wconf 91' lang='lat' dir='ltr'>sensum</span> 
     </span>
     <span class='ocr_line' id='line_1_34' title="bbox 706 3984 2885 4085; baseline 0.001 -26"><span class='ocrx_word' id='word_1_269' title='bbox 706 4013 1060 4083; x_wconf 90' lang='lat' dir='ltr'>«cupere»</span> <span class='ocrx_word' id='word_1_270' title='bbox 1112 3987 1436 4077; x_wconf 89' lang='lat' dir='ltr'>subjicere</span> <span class='ocrx_word' id='word_1_271' title='bbox 1479 3984 1770 4056; x_wconf 90' lang='lat' dir='ltr'>solemus</span> <span class='ocrx_word' id='word_1_272' title='bbox 1791 4040 1807 4069; x_wconf 87' lang='lat'><strong><em>,</em></strong></span> <span class='ocrx_word' id='word_1_273' title='bbox 1867 3992 2226 4063; x_wconf 74' lang='lat' dir='ltr'>verisimile</span> <span class='ocrx_word' id='word_1_274' title='bbox 2281 4002 2380 4062; x_wconf 95' lang='lat' dir='ltr'>est</span> <span class='ocrx_word' id='word_1_275' title='bbox 2435 3993 2766 4085; x_wconf 90' lang='lat' dir='ltr'>cupidinis</span> <span class='ocrx_word' id='word_1_276' title='bbox 2822 3999 2885 4061; x_wconf 92' lang='lat' dir='ltr'>et</span> 
     </span>
     <span class='ocr_line' id='line_1_35' title="bbox 701 4090 2885 4195; baseline -0.001 -22"><span class='ocrx_word' id='word_1_277' title='bbox 701 4098 1097 4193; x_wconf 89' lang='lat' dir='ltr'>precationis</span> <span class='ocrx_word' id='word_1_278' title='bbox 1166 4102 1279 4166; x_wconf 88' lang='lat' dir='ltr'>aut</span> <span class='ocrx_word' id='word_1_279' title='bbox 1348 4094 1598 4163; x_wconf 89' lang='lat' dir='ltr'>similes</span> <span class='ocrx_word' id='word_1_280' title='bbox 1677 4100 1996 4186; x_wconf 88' lang='lat' dir='ltr'>quasdam</span> <span class='ocrx_word' id='word_1_281' title='bbox 2079 4090 2388 4173; x_wconf 84' lang='lat' dir='ltr'>notiones</span> <span class='ocrx_word' id='word_1_282' title='bbox 2451 4126 2488 4172; x_wconf 90' lang='lat' dir='ltr'>a</span> <span class='ocrx_word' id='word_1_283' title='bbox 2557 4096 2885 4195; x_wconf 91' lang='lat' dir='ltr'>principio</span> 
     </span>
     <span class='ocr_line' id='line_1_36' title="bbox 706 4204 1202 4280; baseline -0.018 0"><span class='ocrx_word' id='word_1_284' title='bbox 706 4212 941 4280; x_wconf 85' lang='lat' dir='ltr'>mixtas</span> <span class='ocrx_word' id='word_1_285' title='bbox 974 4204 1202 4277; x_wconf 85' lang='lat' dir='ltr'>fuisse.</span> 
     </span>
    </p>

    <p class='ocr_par' dir='ltr' id='par_1_3' title="bbox 792 4314 2883 4408">
     <span class='ocr_line' id='line_1_37' title="bbox 792 4314 2883 4408; baseline 0.001 -23"><span class='ocrx_word' id='word_1_286' title='bbox 792 4318 1155 4388; x_wconf 91' lang='lat' dir='ltr'>Voluntatis</span> <span class='ocrx_word' id='word_1_287' title='bbox 1190 4316 1548 4396; x_wconf 82' lang='lat' dir='ltr'>notionem,</span> <span class='ocrx_word' id='word_1_288' title='bbox 1596 4322 1712 4387; x_wconf 87' lang='lat' dir='ltr'>aut</span> <span class='ocrx_word' id='word_1_289' title='bbox 1739 4314 1960 4405; x_wconf 91' lang='lat' dir='ltr'>potius</span> <span class='ocrx_word' id='word_1_290' title='bbox 1994 4314 2376 4408; x_wconf 85' lang='lat' dir='ltr'>impellendi</span> <span class='ocrx_word' id='word_1_291' title='bbox 2414 4318 2547 4387; x_wconf 74' lang='lat' dir='ltr'>vim</span> <span class='ocrx_word' id='word_1_292' title='bbox 2573 4318 2698 4389; x_wconf 90' lang='lat' dir='ltr'>soli</span> <span class='ocrx_word' id='word_1_293' title='bbox 2731 4340 2883 4387; x_wconf 90' lang='lat' dir='ltr'>con-</span> 
     </span>
    </p>
   </div>
  </div>
 </body>
</html>
