3234 5150
1623 423 1900 480 -94-

673 546 995 615 sententia
1016 545 1482 636 ‘conjunctivos
1516 557 1666 633 μένω
1695 555 1760 617 et
1792 556 1903 616 θέω
1937 570 2070 616 non
2101 570 2221 638 per
2267 570 2336 618 se
2369 557 2567 630 stare,
2619 550 2732 619 sed
2775 571 2856 618 ex

671 661 993 722 ἐπιτέλλεαι
1028 653 1129 723 vel
1158 661 1411 734 κελεύεις
1436 655 1754 746 pendere;
1787 659 2150 745 posterius,
2186 655 2256 724 in
2285 655 2542 735 ceteriS,
2575 656 2860 747 exempli

668 783 868 832 causa
901 760 971 831 in
1013 763 1263 849 vedica,
1298 765 1408 830 Ait
1435 765 1551 830 Br.
1597 764 1663 842 2,
1709 763 1818 842 22,
1864 773 2087 852 sarpet
2115 801 2197 814 -
2236 785 2326 830 na
2359 773 2606 853 sar-pet,
2645 789 2677 828 «
2713 764 2848 842 Eat,

670 892 805 939 non
858 870 1001 941 eat?
1044 898 1079 938 »
1131 871 1198 940 id
1250 879 1380 952 est,
1434 898 1467 938 «
1507 873 1739 941 Utrum
1793 870 1854 942 ei
1901 873 2195 943 eundum
2238 895 2323 942 an
2377 895 2510 941 non
2559 873 2853 941 eundum

668 982 809 1049 est?
841 1005 873 1045 »
911 976 1129 1050 simile
1163 982 1496 1071 quoddam
1527 981 1732 1052 latere
1757 1003 1794 1052 e
1823 1004 1955 1072 quo
1983 983 2312 1074 optativus
2347 990 2463 1052 aut
2491 982 2857 1074 conjuncti-

671 1120 794 1166 vus
821 1099 1135 1188 pendeat;
1177 1108 1293 1168 aut
1325 1100 1525 1169 etiam
1556 1102 1771 1169 multo
1794 1101 2190 1192 simpliciuS,
2216 1101 2458 1192 quihus
2480 1103 2696 1172 modis
2717 1101 2856 1193 jam

670 1210 809 1274 tam
844 1207 1090 1275 multos
1126 1227 1357 1276 sensus
1389 1207 1670 1298 exprimi
1700 1207 1992 1277 vidimus
2023 1211 2200 1278 haud
2231 1210 2422 1279 facile
2462 1209 2543 1278 ab
2573 1233 2706 1278 uno
2743 1233 2860 1279 an·-

669 1315 855 1408 tiquo
900 1316 1313 1394 derivandos,
1349 1316 1431 1386 iis
1463 1320 1641 1386 hunc
1687 1329 1948 1408 quoque
1981 1341 2018 1388 a
2049 1319 2266 1408 prima
2296 1319 2547 1409 origine
2577 1317 2857 1410 exprimi

670 1423 985 1515 potuisse,
1022 1447 1259 1516 nempe
1305 1428 1478 1515 quod
1516 1428 1724 1494 alicui
1753 1428 2085 1516 aqendum
2115 1439 2232 1496 est.
2265 1429 2428 1496 Nam
2477 1451 2619 1518 quae
2662 1428 2864 1497 inter‘

671 1534 949 1625 pretatio
995 1534 1339 1604 novissimi
1383 1536 1666 1627 exempli
1715 1537 1990 1628 proponi
2036 1546 2282 1628 posset,
2331 1560 2486 1606 eum
2530 1537 2783 1607 scilicet
2823 1559 2858 1606 a

671 1664 801 1732 quo
832 1643 1153 1732 quaeritur
1190 1643 1379 1735 quasi
1414 1644 1642 1714 induci
1681 1645 2061 1735 loquentem
2113 1673 2146 1712 «
2179 1647 2457 1716 Hoccine
2481 1647 2717 1736 jubes:
2757 1654 2860 1713 eat

672 1773 757 1820 an
786 1774 867 1818 ne
894 1755 1053 1820 eat?
1086 1779 1119 1817 »
1151 1775 1227 1822 ea
1257 1753 1479 1822 minus
1510 1755 1830 1844 exemplis
1858 1762 2297 1825 consentanea
2327 1763 2497 1824 esset
2522 1755 2592 1823 in
2619 1754 2860 1845 quibus

671 1879 949 1947 persona
992 1860 1268 1949 loquens
1312 1860 1473 1950 quid
1519 1860 1645 1928 sibi
1693 1860 2018 1951 agendum
2069 1860 2155 1930 sit
2207 1861 2602 1950 interrogat,
2661 1867 2737 1929 ut
2789 1859 2860 1928 in

671 1966 797 2035 hoc
844 1989 1055 2057 graeco
1092 1994 1107 2035 ε
1145 1997 1199 2048 ο,
1250 1971 1403 2046 511,
1451 1971 1527 2037 Ἢ
1572 1976 1687 2048 ἰθὺς
1718 1983 1820 2055 σῆς
1861 1978 2070 2059 μητρὸς
2109 1973 2178 2039 ἴω
2211 1975 2304 2038 καὶ
2332 1981 2451 2039 σοῖο
2485 1977 2697 2056 δόμοιο.

756 2076 843 2143 De
876 2075 1144 2166 optativi
1178 2076 1372 2166 graeci
1394 2098 1520 2145 usu
1548 2075 1620 2144 in
1649 2076 1939 2145 oratione
1969 2075 2234 2166 obliqua
2266 2075 2696 2145 Delbruckius
2723 2076 2862 2145 bre·

672 2183 939 2254 vissime
973 2185 1298 2264 tractavit,
1336 2193 1450 2253 aut
1478 2185 1698 2276 potius
1733 2183 1903 2252 nihil
1932 2183 2062 2252 nisi
2093 2185 2386 2274 exempla
2419 2184 2663 2262 attulit,
2702 2191 2766 2253 et
2793 2184 2862 2251 in

673 2291 777 2359 his
801 2292 1161 2382 optativum
1191 2315 1309 2382 pro
1340 2293 1696 2361 indicativo
1727 2299 1900 2361 stare
1930 2293 2288 2362 contendit.
2323 2292 2470 2362 Haec
2508 2301 2629 2372 est,
2662 2316 2861 2384 quam

670 2407 887 2479 vocat,
948 2401 1672 2489 Modusverschiebunq.
1725 2400 1855 2490 Ego
1919 2421 2070 2468 vero
2127 2400 2629 2470 affirmationem
2689 2402 2864 2491 ejus-

673 2507 877 2587 modi,
913 2529 989 2578 eo
1031 2507 1173 2601 ipso
1213 2508 1389 2599 quod
1419 2529 1497 2578 ex
1528 2514 1798 2579 auctore
1835 2508 2059 2600 aliquo
2089 2509 2354 2600 pendet,
2399 2508 2862 2579 modestiorem

671 2614 815 2685 fieri
850 2616 1177 2696 existimo,
1218 2617 1300 2685 ad
1335 2639 1532 2708 quem
1564 2640 1836 2687 sensum
1877 2618 2379 2709 exprimendum
2411 2620 2864 2688 accommoda·-

668 2729 815 2791 tum
862 2722 988 2791 fuit
1027 2722 1351 2813 quidquid
1405 2745 1537 2791 non
1594 2724 1988 2802 indicativus
2043 2732 2204 2793 erat.
2249 2724 2435 2804 Quod
2484 2733 2704 2794 autem
2753 2726 2863 2794 hic

671 2852 835 2900 usus
878 2830 1188 2921 optativo,
1241 2837 1467 2920 utpote
1509 2830 1852 2900 urbaniori
1891 2832 2067 2923 apud
2095 2854 2341 2925 graecos
2376 2832 2595 2912 modo,
2645 2833 2864 2925 potius

673 2962 874 3031 quam
906 2938 1327 3029 conjunctivo
1363 2938 1738 3029 assignatus
1769 2939 1880 3019 sit,
1916 2961 2048 3008 non
2081 2939 2486 3009 mirandum.

759 3048 929 3119 Illud
963 3047 1248 3137 denique
1286 3046 1693 3137 conjunctivi
1721 3053 1787 3116 et
1827 3047 2098 3137 optativi
2133 3048 2203 3115 in
2231 3069 2442 3138 graeca
2483 3048 2712 3139 lingua
2740 3042 2865 3119 dis»

673 3158 926 3227 crimen
986 3156 1539 3225 considerandum
1591 3162 1722 3235 est,
1785 3157 1960 3246 quod
2027 3177 2064 3224 e
2131 3158 2462 3247 praeterito
2519 3158 2865 3250 praecipuae

674 3265 1013 3335 sententiae
1066 3271 1363 3354 tempore
1386 3315 1401 3341 ‚
1463 3264 1830 3355 optativum
1896 3270 2153 3333 tantum
2214 3264 2281 3333 in
2340 3267 2669 3356 subjecta,
2732 3288 2864 3335 non

672 3374 1171 3465 conjunctivum
1223 3373 1510 3462 pendere
1561 3374 1662 3441 fas
1717 3381 1838 3442 est.
1895 3372 2094 3463 Cujus
2144 3373 2548 3443 discriminis
2596 3397 2862 3445 causam

673 3484 871 3553 affert
914 3481 1371 3559 DelbruckiuS,
1428 3481 1928 3570 conjunctivum
1974 3504 2234 3573 semper
2269 3484 2350 3552 ad
2378 3484 2689 3553 effectum
2724 3490 2867 3552 ten-

674 3593 849 3670 dere,
900 3589 1261 3680 optativum
1318 3597 1539 3658 autem
1588 3589 1799 3658 multo
1843 3590 2106 3679 longius
2135 3614 2171 3659 a
2220 3613 2290 3659 re
2344 3592 2574 3661 effecta
2614 3593 2861 3661 abesse.

671 3698 856 3767 Haud
896 3718 1048 3765 vero
1078 3696 1375 3787 intelligo
1411 3719 1541 3787 quo
1581 3697 1751 3766 actio
1790 3698 2127 3789 proposita
2161 3720 2197 3766 a
2228 3719 2300 3767 re
2335 3698 2569 3768 effecta
2604 3699 2866 3789 longi-us

676 3806 843 3877 absit
883 3805 953 3873 in
1004 3806 1328 3875 sententia
1377 3827 1413 3874 e
1459 3807 1790 3897 praeterito
1839 3812 2133 3896 tempore
2178 3806 2501 3895 pendente
2538 3816 2590 3887 ζ,
2627 3806 2735 3885 50,
2780 3816 2866 3893 Βῆ

674 3916 725 3986 δ’
756 3920 938 4003 ἴμεναι
971 3923 1115 3986 κατὰ
1162 3916 1377 4002 δώμαθ’
1410 3914 1487 3985 ἵν’
1515 3924 1806 4005 ἀγγείλειε
1858 3928 2130 3996 τοκεῦσιν,
2192 3938 2391 4006 quam
2437 3916 2513 3984 in·
2550 3917 2866 3987 sententia

677 4024 984 4117 praesenti
1035 4030 1151 4093 aut
1206 4024 1430 4094 futuro
1489 4024 1772 4116 tempori
1829 4024 2149 4116 subjecta,
2198 4031 2257 4107 β,
2315 4026 2465 4103 111,
2527 4034 2626 4094 Σοί
2670 4032 2720 4095 δ’
2759 4029 2867 4095 ὧδε

679 4148 985 4224 μνηστῆρες
1031 4139 1434 4222 ὑποκρίνονται,
1485 4132 1554 4200 ἵν’
1588 4139 1742 4225 εἰδῇς
1780 4138 1944 4213 αὐτὸς
1993 4147 2070 4221 σῷ
2122 4142 2301 4220 θυμῷ,
2337 4139 2519 4202 εἰδῶσι
2567 4141 2626 4204 δὲ
2669 4143 2871 4212 πάντες

686 4237 910 4329 Ἀχαιοί.
958 4240 1145 4319 Nam,
1197 4242 1371 4330 quod
1403 4241 1485 4310 ad
1518 4264 1659 4312 rem
1689 4241 1989 4311 effectam
2027 4249 2140 4311 aut
2173 4265 2307 4311 non
2337 4242 2640 4313 effectam
2676 4238 2869 4333 perti-

680 4354 813 4429 net,
839 4352 962 4419 hoc
989 4372 1200 4419 unum
1234 4349 1407 4420 inter
1434 4349 1799 4441 optativum
1819 4359 1883 4419 et
1911 4350 2409 4441 conjunctivum
2441 4350 2512 4420 in
2539 4348 2870 4440 ejusmodi
