3234 5150
809 970 1285 1056 ADDENDA
1353 972 1475 1054 ET
1539 971 2201 1058 CORRIGENDA.

1342 1233 1692 1243 -—-—--—-—--—-

483 1477 673 1538 Pagina
701 1477 902 1540 5,linea
935 1477 983 1538 9,
1009 1476 1154 1538 lege:
1201 1477 1352 1537 prius
1391 1476 1640 1524 dicamus.
1666 1479 1717 1524 L.
1750 1477 1822 1538 18,
1854 1479 1966 1540 post
1991 1474 2147 1525 verba
2190 1496 2215 1520 ι
2242 1489 2343 1525 non
2382 1477 2562 1525 transit
2586 1497 2609 1518 ι-

421 1551 548 1598 adde
574 1565 586 1599 2
617 1549 832 1616 exceptis
855 1547 1119 1598 homericis
1138 1548 1323 1610 formis
1352 1555 1406 1597 ut
1433 1551 1657 1610 ἐθέλωμι.
1682 1551 1735 1596 L.
1759 1550 1838 1612 29,
1864 1548 1981 1610 1636
2008 1563 2020 1596 :
2047 1549 2107 1596 in
2132 1548 2354 1598 secunda
2373 1553 2418 1597 et
2441 1549 2609 1598 tertia.

484 1642 538 1687 P.
561 1637 608 1701 6,
635 1638 669 1685 1.
700 1637 774 1697 10,
801 1641 913 1699 post
936 1637 1090 1685 verba
1116 1657 1140 1679 α
1161 1639 1215 1686 in
1242 1649 1412 1700 graeca
1441 1643 1613 1686 autem
1642 1657 1665 1678 n
1695 1635 1823 1684 adde
1855 1651 1869 1686 ι
1896 1637 2115 1699 exceptis
2140 1635 2319 1700 formis
2342 1635 2403 1686 in
2429 1657 2500 1694 ιην
2524 1644 2616 1687 aut

428 1730 478 1760 ια
513 1707 876 1758 desinentibus,
928 1707 1163 1778 Notujam
1196 1708 1212 1756 1
1253 1708 1386 1756 refer
1425 1706 1486 1754 ad
1511 1707 1727 1755 verbum
1762 1707 2001 1756 additum
2058 1726 2083 1750 ι
2110 1706 2467 1756 desinentibus
2493 1728 2515 1748 w
2562 1713 2613 1756 et

425 1781 540 1840 lege
567 1794 578 1828 ε
608 1777 980 1828 secundariam
1007 1790 1204 1840 quoque
1235 1778 1657 1828 terminationem
1686 1776 1983 1827 exhibent...
2010 1790 2061 1840 p.
2087 1777 2168 1840 40,
2201 1780 2279 1842 45,
2308 1780 2385 1828 58.

490 1871 548 1918 P.
569 1868 618 1927 8,
645 1867 680 1916 l.
708 1868 789 1930 27,
814 1865 927 1928 1636
955 1881 967 1914 :
989 1865 1213 1928 formam
1235 1865 1450 1928 yundj·.

489 1963 543 2008 P.
574 1956 650 2019 12,
681 1957 715 2004 l.
744 1956 790 2017 5,
829 1955 944 2004 dele
973 1970 984 2004 :
1025 1955 1087 2003 in
1113 1955 1352 2004 vedica...
1399 1956 1524 2004 nisi.
1560 1959 1609 2004 L.
1639 1957 1687 2020 8,
1718 1961 1833 2020 post
1857 1957 2065 2004 verbum
2097 1977 2123 1999 «
2154 1956 2375 2007 efficitur
2398 1977 2424 2000 ι»
2464 1957 2613 2018 lege:

423 2031 604 2092 dhd'ti,
633 2036 796 2091 θῶμεν,
825 2033 953 2086 θῆτε.
976 2031 1093 2077 Post
1117 2029 1328 2076 verbum
1355 2047 1382 2071 «
1409 2034 1580 2076 tamen
1611 2050 1634 2070 n
1672 2029 1785 2090 lege
1814 2043 1826 2077 z
1854 2029 1996 2093 apud
2036 2031 2247 2079 Graecos.
2274 2033 2325 2078 L.
2357 2029 2569 2093 10‚1ege
2599 2044 2613 2080 z

422 2119 476 2168 p.
501 2106 550 2166 7,
573 2103 664 2151 ubi
691 2100 870 2164 formoe
896 2098 1123 2149 nondum
1146 2104 1417 2150 contractae
1436 2099 1611 2153 allatae
1635 2103 1799 2164 sunt).

487 2197 546 2242 P.
574 2192 702 2256 16,1.
732 2191 808 2253 14,
839 2191 952 2252 1636
978 2204 990 2238 :
1011 2189 1192 2253 formae
1220 2190 1502 2252 conjectura
1521 2189 1770 2239 restitutae
1788 2190 2014 2252 as·ya-si,
2041 2190 2265 2254 as-ya·ti.

489 2287 545 2332 P.
585 2283 662 2347 17,
688 2281 866 2330 notula
892 2280 936 2340 1,
963 2278 999 2328 1.
1028 2278 1105 2342 16,
1134 2278 1249 2340 1636
1283 2294 1295 2329 :
1328 2279 1550 2328 videtur.
1589 2281 1719 2328 De...
1990 2275 1995 2278 ’

489 2377 543 2422 Ρ.
580 2376 730 2435 20,)1.
761 2375 806 2434 1,
835 2371 871 2419 l.
901 2371 944 2433 1,
970 2370 1083 2432 1636
1111 2383 1124 2417 :
1153 2369 1341 2418 abhinc
1377 2369 1675 2418 nonnullos.
1704 2371 1754 2417 L.
1786 2374 1830 2432 7,
1863 2370 1979 2432 1636
2005 2384 2016 2418 :
2047 2369 2231 2420 abhinc
2254 2369 2458 2420 multos.

492 2467 548 2513 P.
582 2464 660 2526 23,
687 2476 740 2511 11.
771 2463 814 2525 1,
840 2461 875 2510 1.
897 2465 946 2524 2,
972 2466 1090 2508 aute
1119 2459 1254 2508 shall
1275 2458 1390 2508 (1616
1415 2464 1482 2508 to.

389 2563 411 2582 1
495 2555 551 2601 P.
582 2553 662 2616 25,
687 2552 724 2601 1.
752 2554 828 2613 12,
857 2549 972 2615 1636
1003 2564 1016 2600 :
1041 2547 1298 2599 Abho-ndi.

491 2646 545 2692 P.
568 2645 648 2705 27,
675 2643 708 2693 1.
738 2643 785 2707 9,
811 2642 925 2691 (1616
950 2642 1083 2692 Nam
1109 2639 1325 2702 quodm.
1351 2637 1562 2701 nodum,
1590 2642 1643 2686 et
1666 2637 1781 2701 lege
1807 2652 1821 2687 z
1848 2640 1891 2687 E
1912 2638 2251 2690 locutionibus
2275 2640 2423 2689 enim.

500 2736 556 2780 P.
585 2733 663 2796 30,
689 2745 742 2779 n.
770 2734 816 2795 1,
844 2730 880 2779 1.
908 2732 954 2778 2.
985 2728 1102 2790 1636
1135 2741 1148 2775 :
1179 2739 1294 2776 cum
1315 2725 1462 2774 verbo
1485 2738 1510 2773 e
1534 2726 1707 2775 radice
1734 2725 1835 2775 dha
1852 2725 2152 2789 informato.

491 2824 547 2870 P.
579 2820 659 2884 36,
685 2821 720 2869 1.
749 2813 837 2884 16,“
861 2820 976 2881 1636
1002 2832 1014 2867 :
1045 2820 1109 2879 11,
1135 2831 1186 2881 p.
1215 2818 1327 2867 350.

499 2914 555 2960 P.
579 2910 717 2973 38,1.
740 2909 817 2973 17,
842 2909 955 2970 1636
978 2922 990 2956 :
1018 2908 1182 2956 faxem
1209 2920 1306 2970 pro
1332 2907 1520 2969 faosem
1549 2904 1805 2969 (Pseudol.
1829 2909 1867 2969 Ι,
1892 2910 1948 2968 5,
1976 2907 2137 2969 84)....

495 3003 552 3048 P.
579 3003 660 3062 51,
687 2999 722 3047 l.
745 2999 819 3062 17,
846 2998 1060 3060 legezn
1082 3010 1132 3059 p.
1160 2998 1239 3045 55.

498 3092 553 3137 P.
581 3092 658 3150 52,
689 3088 722 3137 1.
746 3090 824 3149 20,
857 3086 970 3147 1636
999 3100 1012 3133 :
1039 3084 1240 3146 formae.

501 3184 554 3228 P.
584 3180 663 3243 54,
691 3179 726 3228 1.
761 3181 808 3241 7,
833 3177 947 3238 1636
971 3191 982 3225 :
1011 3175 1196 3225 abhinc
1223 3175 1464 3237 quinque.
1493 3177 1552 3223 N.
1585 3175 1629 3238 l,
1658 3174 1694 3223 1.
1728 3175 1773 3237 1,
1798 3174 1942 3237 lege:
1968 3176 2309 3227 secundariis.

499 3271 556 3319 P.
583 3254 722 3332 om.
749 3267 931 3328 3‚1ege
955 3280 967 3313 :
995 3263 1176 3328 yeme.

499 3361 576 3479 133
589 3359 668 3421 69,
706 3358 740 3409 1.
770 3360 854 3420 25,
889 3356 1004 3419 1636
1033 3368 1046 3403 :
1085 3354 1238 3417 filioli
1279 3354 1612 3416 Astyanactis
1650 3354 1811 3405 vicem
1856 3354 2092 3406 dolentis.
2140 3360 2199 3407 N.
2252 3359 2295 3422 1,
2324 3357 2361 3408 l.
2384 3357 2431 3419 3,
2466 3358 2617 3420 lege:

439 3441 490 3491 p.
583 3464 596 3476 .

499 3521 554 3567 P.
593 3519 670 3580 78,
704 3517 740 3565 1.
784 3517 858 3577 14,
881 3515 995 3565 (1616
1025 3514 1105 3565 vel
1134 3551 1150 3575 ,
1193 3521 1246 3564 et
1277 3517 1555 3578 sequentia
1580 3516 1733 3565 verba
1760 3538 1783 3559 u
1804 3517 1861 3565 in
1878 3518 2198 3569 sententiis..
2247 3518 2628 3570 adhaerentibus

439 3590 674 3652 transfer,
701 3590 738 3639 1.
765 3589 841 3652 16,
865 3593 980 3652 post
1003 3588 1215 3636 verbum
1245 3607 1268 3629 α
1295 3587 1500 3650 quidem
1527 3608 1572 3637 n.
1600 3591 1653 3637 L.
1682 3590 1762 3650 24,
1784 3584 1914 3651 ’1636
1941 3604 1953 3637 :
1983 3590 2052 3639 δὲ.

499 3681 552 3728 Ρ.
577 3681 655 3741 79,
681 3679 718 3729 1.
743 3680 792 3741 4,
823 3678 940 3740 1636
967 3694 979 3727 :
1007 3679 1082 3727 ἂν.
1101 3680 1154 3727 L.
1177 3678 1254 3740 24,
1283 3677 1350 3734 ὃς.

503 3772 557 3818 Ρ.
584 3770 666 3831 81,
691 3769 726 3818 1.
751 3770 830 3829 33,
867 3768 981 3831 1636
1007 3782 1020 3815 :
1052 3774 1124 3815 κέ.

502 3862 558 3907 Ρ.
586 3861 665 3922 82,
692 3858 724 3907 l.
760 3859 807 3922 3,
848 3858 992 3919 lege:
1019 3858 1090 3913 ἥν.

503 3951 559 3996 Ρ.
587 3948 667 4011 84,
693 3946 728 3995 1.
756 3949 833 4012 16,
858 3948 1003 4009 1636(
1031 3945 1193 4007 ayni'.

504 4040 558 4086 P.
578 4039 659 4101 87,
678 4037 714 4086 l.
736 4036 970 4097 16,1ege:
997 4034 1155 4093 αὖτός.
1177 4039 1226 4085 L.
1253 4036 1325 4095 17,
1345 4033 1471 4083 adde
1493 4048 1503 4082 :
1535 4036 1578 4084 εἰ
1595 4040 1665 4099 μὴ
1679 4036 1766 4098 ἐγὼ
1778 4040 1975 4087 κείνοισι
1988 4044 2129 4089 κακὸν
2146 4044 2371 4090 πάντεσσι
2388 4044 2627 4105 γενοίμην.

441 4112 494 4157 L.
517 4110 597 4168 35,
623 4107 740 4171 1636
763 4121 777 4156 :
798 4108 878 4165 ὥς.

471 4199 560 4319 ΜΡ.
601 4196 680 4259 88,
707 4196 743 4247 l.
780 4197 828 4259 6,
855 4196 1006 4258 lege:
1043 4193 1188 4261 Αἷψά.
1217 4201 1269 4246 L.
1300 4198 1348 4260 9,
1371 4194 1519 4257 lege:
1553 4194 1715 4245 multo
1750 4197 1938 4258 magis.
1980 4202 2033 4248 L.
2072 4199 2163 4249 23:
2194 4200 2307 4271 γάρ.
2348 4202 2399 4249 L.
2433 4197 2628 4251 36:121·-

439 4271 468 4320 b
540 4272 666 4321 rasi.

503 4364 562 4413 P.
587 4362 722 4426 90,1.
757 4364 836 4427 27,
863 4362 974 4411 (1616
1009 4362 1245 4411 ultimum
1273 4360 1576 4424 exemplum.
