3234 5150
1229 901 1568 986 CAPUT
1648 902 1713 986 I.

553 1145 1006 1198 cousuncrivl
1051 1145 1128 1198 ΕΤ
1175 1146 1500 1198 OPTATIVI
1546 1149 1797 1200 FoRMAE
1846 1148 2399 1200 ossscnfflunruu.

1304 1380 1659 1391 a———n———m-

478 1586 942 1677 Conjunctivus
966 1594 1031 1655 et
1045 1588 1368 1678 optativus
1395 1611 1562 1679 quos
1591 1588 1784 1657 ambo
1809 1589 2051 1680 linguae
2074 1589 2372 1658 omnium
2389 1589 2573 1657 indo-

388 1717 842 1786 europaearum
883 1695 1183 1785 genitrici
1217 1697 1371 1765 usui
1406 1685 1609 1766 fuisse
1652 1697 1809 1766 satis
1839 1699 2291 1767 demonstrant
2321 1697 2573 1786 lingua-

388 1824 540 1902 rum
575 1801 843 1872 illarum
881 1825 1014 1872 una
1043 1810 1105 1872 et
1147 1804 1377 1884 altera,
1413 1806 1717 1895 quamvis
1749 1807 1935 1874 nullo
1980 1806 2259 1874 arctiore
2287 1805 2567 1872 affinita-

321 1997 325 2000 .
389 1909 476 1978 tis
535 1908 800 1980 vinculo
854 1911 1246 1999 conjunctae,
1305 1911 1374 1980 in
1439 1913 1694 1993 eodem,
1754 1913 1857 1982 vel
1902 1913 2101 1982 etiam
2170 1913 2240 1980 in
2290 1919 2572 2002 utroque

391 2016 708 2086 servando
747 2016 1252 2097 consentienteS,
1303 2041 1435 2086 non
1487 2020 1680 2087 ambo
1721 2026 1945 2089 tamen
1987 2019 2288 2111 usurpati
2330 2020 2397 2086 in
2436 2041 2571 2087 om-

391 2123 579 2192 nium
606 2126 1054 2194 monumentis
1064 2123 1506 2218 reperiuntur.
1521 2125 1821 2194 Defuisse
1840 2125 2018 2195 enim
2037 2125 2292 2215 goticae,
2314 2123 2572 2192 slavicae

391 2231 870 2322 antiquissimae
925 2240 990 2301 et
1052 2231 1302 2301 celticis
1353 2231 1598 2321 linguis
1658 2232 2153 2322 conjunctivum
2199 2230 2573 2300 Schleicher

395 2341 915 2428 (Compendium,
959 2340 1212 2430 5290),
1271 2339 1656 2408 celticarum
1713 2339 2175 2430 antiquissimo
2208 2337 2570 2427 exemplari

392 2439 745 2516 h'ibernicae
817 2447 1179 2538 optativum
1208 2500 1224 2527 ,
1299 2446 1796 2516 Schleicherum
1852 2445 2349 2538 reprehendens
2415 2444 2572 2513 Ebel

397 2553 744 2643 (Schleich.
785 2557 1322 2637 Chrestomathie,
1365 2577 1432 2645 p.
1467 2554 1621 2645 572)
1659 2551 1963 2624 ostendit.
1996 2553 2236 2623 Latinae
2275 2552 2567 2643 quidem,

393 2668 457 2730 et
475 2661 850 2733 italicarum
879 2672 1273 2744 ceterarum,
1306 2663 1657 2753 utriusque
1678 2662 2136 2752 descriptionis
2151 2662 2397 2730 formas
2422 2682 2572 2750 pro-

394 2770 570 2860 prias
617 2756 772 2842 esse
833 2773 1007 2841 idem
1062 2772 1438 2842 Schleicher
1477 2773 2000 2863 (Compendium,
2052 2777 2096 2859 S
2144 2770 2269 2839 289
2308 2775 2374 2839 et
2412 2768 2575 2852 290)

377 2900 514 2949 nos
541 2887 786 2961 monet,
821 2882 935 2949 sed
969 2881 1060 2949 ita
1089 2889 1188 2967 ut,
1217 2881 1402 2950 nullo
1433 2902 1667 2950 sensus
1697 2879 2079 2949 discrimine
2114 2884 2472 2968 usurpatae,
2503 2876 2571 2943 in

392 2987 592 3057 variis
626 2988 1203 3079 conjugationibus
1248 3011 1459 3058 unum
1494 2996 1558 3056 et
1591 2988 1897 3056 eumdem
1936 2986 2208 3055 modum
2256 2984 2567 3063 efficiant,

391 3096 500 3163 cui
542 3097 1038 3187 conjunctivum
1085 3118 1326 3165 nomen
1359 3105 1608 3164 veteres
1640 3092 2053 3185 grammatici
2084 3092 2567 3181 imposuerunt,

392 3192 460 3272 et‘
496 3203 568 3271 in
608 3204 912 3272 futurum
966 3225 1228 3294 quoque
1270 3202 1772 3292 exprimendum
1825 3206 2187 3270 transeant.
2241 3200 2313 3266 In
2360 3220 2572 3287 graeca

394 3316 652 3379 tantum
677 3318 740 3379 et
763 3312 833 3380 in
855 3312 1240 3381 sanseritica
1269 3310 1638 3400 antiquiore
1659 3331 1775 3378 seu
1795 3307 2017 3377 vedica
2042 3308 2142 3395 (ut
2163 3306 2571 3384 bactrianam

393 3420 693 3488 omittam
731 3419 1078 3510 posteriori
1109 3419 1477 3509 proximam
1507 3425 1570 3487 et
1610 3418 1746 3487 fere
1784 3416 2092 3485 omnibus
2126 3414 2573 3505 grammaticae

393 3521 692 3618 partibus
731 3526 1075 3615 similem),
1109 3525 1433 3616 optativus
1475 3525 1569 3614 (in
1615 3524 2000 3593 sanseritica
2029 3524 2224 3613 vulgo
2248 3524 2575 3611 potentia-

390 3637 475 3702 lia
508 3634 802 3723 vocatus)
854 3640 918 3701 et
961 3633 1419 3724 conjunctivus
1473 3639 1693 3723 aperte
1750 3632 2273 3720 distinguuntur,
2330 3630 2399 3699 in
2454 3631 2575 3697 hac

391 3748 614 3810 tamen
660 3742 873 3810 forma
925 3741 1136 3831 magis
1177 3764 1376 3831 quam
1432 3763 1583 3819 uSU,
1622 3740 1690 3807 in
1738 3740 1851 3807 illa
1882 3761 2009 3807 usu
2041 3737 2333 3807 simulet
2363 3737 2573 3805 forma

391 3849 734 3918 differunt.
1273 3924 1276 3927 ⁴

483 3957 667 4035 Quod
697 3964 918 4026 autem
947 3956 1017 4024 in
1045 3956 1170 4025 hoc
1199 3956 1411 4046 capite
1440 3976 1653 4023 unum
1683 3952 2095 4045 propositum
2116 3952 2465 4031 habemus,
2502 3958 2579 4020 ut

389 4046 758 4133 formarum
785 4063 1106 4153 effigiem²
1135 4062 1610 4142 describamus,
1644 4062 1712 4129 id
1753 4060 2089 4151 aptissime
2119 4057 2577 4149 praestabimus

448 4242 494 4292 1,
527 4242 596 4292 De
617 4257 675 4293 ea
695 4241 1014 4306 potissimum
1035 4240 1367 4292 consulendus
1385 4246 1462 4291 est
1483 4256 1511 4290 e
1533 4238 1679 4303 gallis
1698 4238 2027 4303 scriptoribus
2050 4237 2187 4287 Br'eal
2208 4232 2579 4298 (Introduction

384 4330 454 4364 au
469 4317 600 4363 tome
627 4314 693 4364 111
715 4314 779 4365 de
803 4314 858 4363 la
877 4312 1190 4365 Grammaire
1204 4315 1466 4377 compare'e
1484 4312 1572 4361 des
1596 4310 1802 4375 lanques
1827 4310 2309 4373 indo-europaemaes
2332 4306 2395 4355 de
2416 4308 2574 4371 Rom),-

381 4400 430 4449 pi
462 4384 686 4447 LXXIII),
714 4390 772 4435 ut
794 4386 855 4436 de
878 4384 1231 4436 informatione
1254 4384 1392 4433 verbi
1422 4384 1475 4432 in
1503 4382 1791 4433 universum
1824 4379 1985 4446 (ibim,
2010 4394 2061 4443 p.
2084 4376 2310 4429 XXXVIII
2333 4379 2481 4441 seq.).
