3234 5150
1306 405 1622 476 -10'5-

426 549 726 620 ‘Formas
756 547 1175 618 sanseriticas
1201 547 1526 638 participii
1548 546 1860 616 futu'ri'in'
1885 558 2021 638 lya,
2043 571 2145 630 ex.
2179 531 2374 619 eausa
2403 559 2556 637 cru-

371 671 507 751 tya,
529 668 757 748 stuttya
778 659 871 750 (in
898 658 1336 747 upa-stittya),
1360 659 1605 747 krstya,
1631 656 1674 727 e.
1686 654 2022 727 radicibus
2037 683 2157 746 cru
2178 661 2459 730 «audire
2485 687 2550 744 u,

372 779 477 836 stu
504 767 832 835 «laudare
861 791 923 845 »,
957 767 1065 832 kri
1089 791 1120 828 «
1154 765 1369 834 facere
1402 792 1464 850 »,
1491 765 1907 855 grammatici
1937 763 2140 856 'vulgo
2162 777 2180 810 ¹
2215 769 2295 836 ab
2327 769 2553 838 eadem

372 877 605 945 suffixa
655 899 767 964 ya,
814 874 879 942 id
921 880 1023 942 est
1050 875 1149 941 i-a
1196 872 1518 952 derivatas
1544 875 1689 942 e'sse
1729 869 2008 962 fingunt,
2073 875 2288 944 addita
2347 876 2556 944 radici

369 983 637 1052 literat.
678 981 803 1050 Sed
836 984 913 1050 ea
947 989 1043 1050 est
1086 987 1225 1050 arte
1270 987 1527 1048 tantum
1572 977 1736 1048 ficta
1762 980 2129 1070 explicatio.
2171 983 2282 1050 Vix
2331 990 2552 1052 autem

373 1089 659 1159 dubitari
690 1096 899 1179 potest
951 1087 1137 1178 quin.
1195 1095 1267 1156 ut
1310 1083 1579 1177 spric'ya
1604 1111 1644 1156 e
1679 1090 1884 1176 sprici
1929 1105 2008 1161 -ι-
2060 1113 2126 1168 α,
2161 1089 2251 1159 ita
2289 1098 2550 1180 crutya,

372 1205 617 1286 stutya,
660 1199 964 1286 kri-lyae
990 1198 1216 1282 cru-ti,
1256 1193 1471 1274 atu-ti,
1504 1198 1695 1263 kri-ti
1727 1213 1806 1270 -ι-
1843 1219 1886 1262 α
1917 1187 2060 1264 orta
2095 1182 2250 1266 sint.
2287 1185 2475 1266 Haec
2458 1221 2556 1267 m-

374 1303 751 1387 formati0‚
733 1325 803 1371 ιη
820 1302 1193 1393 participiis
1225 1303 1433 1370 futuli
1454 1302 1856 1372 sanscriticis
1875 1325 2010 1370 non
2041 1295 2129 1372 ita
2160 1326 2306 1373 rara
2336 1313 2458 1385 est,
2483 1306 2558 1374 in

374 1411 757 1482 absolutivis
791 1417 1010 1480 autem
1052 1410 1187 1478 illis
1210 1418 1389 1479 arcte
1430 1409 1768 1489 affinibus,
1811 1415 2188 1480 constanter
2226 1411 2324 1492 fit,
2359 1415 2556 1482 modo

370 1518 554 1586 radix
573 1539 690 1608 per
712 1516 999 1586 vocalem
1028 1516 1291 1585 brevem
1314 1515 1564 1584 desinat
1585 1516 1941 1604 :prati‘tyc‘z
1971 1538 2088 1606 pro
2109 1517 2495 1604 prati-i-ti-cz
2520 1540 2556 1586 c

370 1624 591 1695 radice
618 1627 647 1692 i
678 1649 711 1688 α
740 1625 837 1692 ire
864 1651 925 1702 »,
956 1630 1083 1691 cet.
1117 1623 1392 1691 Nomina
1427 1629 1646 1690 autem
1687 1621 1967 1691 actionis
1997 1623 2066 1690 in
2091 1625 2146 1690 cz·
2169 1624 2557 1714 frequentis-

374 1734 541 1802 sima
588 1731 839 1800 suntin
887 1731 1199 1799 omnibus
1235 1729 1714 1820 indoeuropaeis
1751 1729 2020 1818 linguiS,
2056 1752 2200 1819 quae
2232 1732 2424 1820 vulgo
2456 1753 2558 1799 ra-

376 1840 651 1908 dicalem
673 1839 964 1907 vocalem
986 1858 1245 1926 puram,
1271 1857 1391 1904 nec
1422 1857 1577 1915 non,
1612 1857 1822 1924 quum
1849 1837 1932 1903 ‘in
1958 1837 2368 1918 sanscritica,
2409 1845 2553 1906 tum

378 1945 447 2013 in
478 1966 685 2034 graeca
714 1943 935 2032 lingua
966 1943 1283 2012 elevatam
1320 1941 1651 2022 exhibent,
1710 1943 1885 2010 haud
1919 1965 2110 2012 secus
2136 1935 2330 2035 atque
2360 1946 2560 2036 parti·
2589 2019 2595 2024 ,

377 2052 545 2142 cipia
598 2059 662 2120 et
718 2047 1095 2119 absolutiva
1125 2049 1196 2116 in
1236 2058 1374 2138 tya,
1421 2058 1533 2139 tyci
1576 2049 1967 2119 desinentia.
2015 2051 2326 2142 Exempla
2374 2060 2556 2138 sunt,

374 2159 859 2238 sanscriticum,
918 2161 1095 2244 ,croti
1144 2183 1177 2222 (ι
1204 2157 1544 2240 auditio»,
1582 2179 1791 2246 graeca
1837 2168 2080 2246 φά-τι-ς,
2126 2159 2277 2228 dein
2320 2169 2554 2248 φά-σι-ς,

368 2277 564 2355 πέψις
580 2287 697 2357 pro
730 2275 1013 2350 πὲπ-τι-ς,
1050 2274 1277 2353 φὺ-σι-ς,
1313 2269 1436 2332 cet.
1480 2263 1662 2354 (Vide
1687 2263 1864 2333 Schl.
1904 2267 2288 2354 Compend„
2329 2270 2361 2354 ἓ
2391 2268 2550 2348 226,

371 2373 567 2465 Bopp.
607 2375 813 2463 Ver-ql.
847 2374 1026 2454 Ace„
1065 2394 1131 2462 p.
1166 2371 1308 2460 22).

454 2480 805 2571 Participia
849 2477 1231 2548 sanseritica
1281 2477 1351 2545 in
1400 2483 1595 2566 tdvya
1639 2479 1884 2570 quibus
1925 2475 2319 2572 respondent
2353 2505 2559 2587 graeca

374 2588 707 2658 verbalia
690 2610 759 2655 ln
778 2592 957 2673 τέο-ς,
987 2585 1337 2655 manifesto
1362 2606 1515 2654 cum
1543 2587 1910 2677 participiis
1927 2586 2252 2657 Vedarum
2275 2590 2562 2681 propriis

376 2696 443 2764 in
485 2704 609 2763 tva
636 2695 1046 2764 conferenda
1074 2701 1256 2761 sunt.
1284 2694 1430 2762 Haec
1472 2715 1587 2785 per
1627 2694 1925 2763 suffixam
1975 2696 2443 2765 secundariam
2487 2722 2556 2785 a,

374 2804 491 2871 illa
534 2824 650 2892 per
676 2824 765 2891 μα
796 2803 1021 2892 (quam
1068 2800 1359 2869 vidimus
1408 2823 1443 2869 e
1497 2802 1758 2871 duobus
1817 2802 2159 2873 elementis
2197 2808 2552 2897 constare),

374 2909 759 2978 derivantur
808 2932 842 2978 a
888 2909 1175 2977 themate
1219 2907 1534 2995 primario
1586 2907 1655 2975 in
1703 2917 1773 2974 tu
1817 2908 2176 2977 desinente.
2228 2910 2296 2977 Id
2349 2932 2558 2978 unum

374 3018 548 3086 inter
584 3017 777 3086 ambo
802 3018 1169 3091 formarum
1202 3036 1436 3104 genera
1474 3014 1857 3094 discrimen,
1882 3023 2116 3105 praeter
2151 3017 2558 3086 secundariae

376 3123 625 3191 suffixae
648 3124 1028 3202 materiam,
1052 3124 1368 3205 interest,
1405 3121 1579 3211 quod
1619 3121 1688 3188 in
1723 3122 1941 3212 priore
1977 3123 2215 3191 suffixa
2248 3124 2560 3212 primaria

374 3237 646 3299 accentu
673 3229 989 3321 insignita
1018 3236 1081 3297 et
1116 3228 1523 3297 incremento
1563 3235 1755 3296 aucta
1786 3235 1908 3312 est,
1953 3229 2024 3297 in
2052 3226 2413 3321 posteriore
2443 3254 2560 3300 au-

372 3345 504 3407 tem
554 3338 863 3407 radicalis
905 3337 1148 3407 vocalis
1201 3343 1546 3405 accentum
1573 3334 1854 3404 servavit
1876 3343 1943 3404 et
1973 3336 2208 3405 suffixa
2242 3338 2560 3428 primaria

368 3468 533 3536 pura
573 3446 774 3515 stetit.
816 3447 887 3513 In
911 3452 1194 3535 utroque
1225 3448 1471 3524 autem,
1517 3442 1827 3513 radicalis
1869 3445 2113 3513 vocalis
2155 3453 2346 3515 aucta
2383 3469 2582 3538 repe--

369 3553 587 3623 litur:
631 3555 993 3643 yolc-tdvya
1020 3574 1057 3621 e
1090 3551 1311 3621 radice
1338 3552 1457 3640 yuj
1486 3578 1519 3617 α
1548 3553 1826 3641 jungere
1859 3578 1924 3631 »,
1966 3554 2118 3619 lcar-
2122 3560 2258 3620 tdv-
2233 3577 2347 3641 -ya
2376 3576 2411 3623 e
2453 3576 2556 3622 13-

369 3660 513 3729 dice
542 3664 649 3727 kri
681 3686 713 3725 ι(
744 3661 955 3729 facere
991 3685 1053 3745 »,
1089 3661 1179 3747 je·
1160 3668 1318 3725 -tv-a
1343 3680 1380 3727 e
1420 3658 1698 3727 radice
1667 3661 1726 3747 μ’
1755 3684 1788 3723 «
1831 3658 2092 3727 vincere
2125 3684 2190 3745 »,
2232 3663 2385 3729 lcdm
2389 3671 2481 3728 tv·
2455 3685 2550 3729 —a.

378 3759 597 3847 Quum
644 3775 865 3837 autem
896 3786 1095 3857 supra
1137 3764 1502 3833 absolutiva
1542 3764 1611 3831 in
1659 3777 1746 3853 yet
1776 3764 1857 3831 ad
1899 3764 2200 3833 eamdem
2235 3768 2562 3857 originem

376 3874 715 3943 retulerim
752 3883 949 3963 atque
982 3872 1324 3965 participia
1357 3871 1423 3938 in
1457 3893 1568 3959 yet,
1616 3892 1750 3939 non
1793 3892 2060 3959 possum
2111 3873 2270 3962 quin
2307 3875 2564 3945 absolu-

387 3982 513 4051 tiva
541 3969 803 4071 quoque
851 3982 920 4049 in
945 3986 1072 4049 tva'
1099 3986 1161 4048 et
1184 3979 1507 4048 Vedarum
1537 3978 1798 4077 propria
1833 3978 1900 4047 in
1931 3985 2172 4071 tva'ya‚
2198 3988 2310 4050 tvi'
2335 3984 2565 4053 eodem

433 4178 481 4228 1.
516 4178 657 4228 Haud
697 4178 899 4241 quidem
937 4178 1216 4229 Schleicher
1248 4176 1338 4240 qui
1363 4176 1631 4231 absolutivi
1665 4177 2075 4241 terminationem
2094 4196 2162 4245 ya
2179 4188 2418 4233 contra-a
2449 4187 2574 4247 tym-

375 4248 561 4310 abjecta
578 4258 581 4263 ·
598 4248 742 4298 litera
772 4254 808 4306 t,
843 4248 1061 4307 deducit,
1084 4250 1211 4298 hanc
1234 4254 1403 4314 autem
1429 4251 1537 4311 lya,
1569 4262 1662 4309 pro
1687 4251 1794 4313 tyci,
1815 4249 2254 4313 instrumentalem
2278 4254 2428 4303 habet
2460 4251 2567 4305 theL

380 4320 542 4377 matis,
572 4334 673 4370 non
708 4319 761 4370 in
792 4322 899 4383 tya,
926 4320 1083 4371 sedin
1110 4319 1151 4370 ti
1178 4318 1449 4370 desinentis
1482 4318 1869 4384 (Compendium
1895 4321 1924 4383 g
1947 4320 2079 4386 226).
