3234 5150
388 550 705 639 exemplis
734 552 1040 640 subjectae
1071 553 1183 641 jus
1230 553 1574 644 proprium
1630 553 1981 623 vindicare.
2037 559 2221 635 Quod
2273 557 2356 626 ad
2415 579 2562 627 sen-

388 677 535 724 sum
579 658 981 748 conjunctivi
1050 659 1121 732 in
1175 660 1409 731 iisdem
1462 642 1717 744 attinet,
1759 685 1932 733 eum
1993 664 2419 734 Delbruckius
2481 667 2564 737 ad

386 765 740 836 voluntatis
788 766 1332 858 significationem
1378 770 1796 841 referendum
1844 780 2087 842 censet.
2124 773 2190 843 Si
2238 774 2320 843 ad
2355 775 2563 844 futuri

386 873 720 944 notionem
774 883 891 944 aut
935 877 1018 946 ad
1058 879 1603 969 exspectationem
1647 880 1941 962 dixisset,
1983 884 2106 951 hoc
2145 880 2206 950 ei
2253 882 2564 951 libentius

389 983 835 1054 concederem.
886 985 1009 1055 Sed
1056 1009 1131 1056 eo
1203 988 1351 1082 ipso·
1406 991 1581 1081 quod
1639 990 1772 1071 hic,
1829 991 1997 1059 ratio
2069 991 2568 1083 exspectationis

390 1093 590 1162 simul
632 1101 827 1186 atque
860 1096 1254 1186 exspectatio
1300 1097 1698 1180 declaratur,
1733 1099 1995 1168 facilius
2025 1099 2323 1170 existimo
2359 1099 2429 1168 in
2455 1102 2571 1168 hu·

382 1202 491 1293 jus
511 1202 691 1272 modi
720 1201 1005 1294 periodis
1036 1226 1234 1295 quam
1263 1206 1335 1274 in
1368 1208 1699 1298 praecipua
1731 1207 1869 1277 sola
1897 1207 2399 1299 exspectationis
2425 1230 2571 1276 sen·

390 1334 536 1380 sum
584 1313 743 1382 oriri
778 1321 838 1382 et
878 1315 1187 1385 constitui
1221 1316 1533 1405 potuisse.
1584 1319 1881 1386 Ceterum
1938 1317 2264 1407 optativus
2311 1341 2572 1408 quoquc

389 1421 456 1489 in
510 1422 851 1492 sententiis
918 1423 1416 1516 interrogationi
1473 1427 1753 1517 obliquae
1812 1424 2132 1518 proximis
2184 1428 2565 1519 reperitur:

386 1530 433 1594 A
444 1527 650 1632 ,-·545,
684 1536 828 1599 Οὐδὲ
871 1558 922 1599 τι
960 1533 1078 1602 οἶδε
1104 1545 1295 1620 νοῆσαι
1327 1541 1444 1620 ἅμα
1475 1542 1696 1626 πρόσσω
1723 1542 1820 1606 καὶ
1855 1543 2084 1617 ὀπίσσω,
2116 1545 2312 1617 ὅππως
2337 1541 2388 1606 οἱ
2423 1544 2575 1626 παρὰ

386 1643 537 1723 νηυσὶ
568 1645 682 1707 σόοι
714 1648 1006 1729 μαχέοιντο
1034 1638 1265 1731 Ἀχαιοί.

474 1746 694 1816 Restat
726 1755 801 1817 ut
830 1747 911 1818 de
944 1750 1285 1819 sententiis
1315 1749 1613 1820 dicamus
1649 1773 1796 1841 quae
1822 1774 1976 1822 cum
2008 1753 2203 1822 verbo
2238 1751 2573 1843 praecipuo

388 1850 479 1923 ita
506 1856 1005 1948 conjunguntur
1045 1865 1120 1927 ut
1162 1859 1223 1928 ei
1272 1860 1628 1929 accusativi
1678 1861 1873 1930 modo
1919 1861 2162 1931 servire
2201 1861 2572 1946 videantur,

388 1965 603 2053 qualis
650 1975 745 2036 est
796 1969 1046 2058 graeca¹
1093 1991 1108 2034 :
1159 1969 1234 2049 A,
1267 1969 1421 2048 558,
1456 1979 1538 2060 Τῇ
1587 1976 1637 2039 σ’
1673 1972 1770 2039 ὀΐω
1806 1981 2134 2039 κατανεῦσαι
2171 1975 2464 2055 ἐτήτυμον,
2501 1976 2580 2046 ὡς

396 2070 626 2164 Ἀχιλῆα
662 2086 920 2170 τιμήσῃς,
970 2083 1179 2169 ὀλέσῃς
1209 2083 1271 2145 δὲ
1313 2084 1529 2157 πολέας
1565 2084 1657 2146 ἐπὶ
1696 2085 1876 2162 νηυσὶν
1930 2075 2188 2164 Ἀχαιῶν.
2229 2077 2403 2145 Hanc
2444 2073 2580 2143 Del*

389 2183 703 2252 bruckius
743 2183 837 2253 sic
866 2185 1338 2277 interpretatur
1385 2209 1400 2252 ι
1462 2185 1834 2257 «Existimo
1879 2191 1942 2253 te
1986 2185 2083 2252 illi
2137 2207 2286 2254 vere
2336 2183 2580 2275 promi·

390 2291 601 2364 sisse:
654 2292 810 2384 quia
866 2295 989 2362 hoc
1024 2291 1236 2362 fecisti
1286 2294 1443 2384 (ὡς),
1473 2293 1798 2364 Achillem
1844 2295 2170 2363 honorare
2220 2291 2406 2359 vis.»
2458 2290 2581 2359 Sed

388 2402 617 2472 eadem
683 2423 917 2472 rursus
980 2402 1258 2472 dicenda
1318 2402 1528 2472 habeo
1581 2427 1596 2470 ε
1674 2403 1887 2494 priuS,
1947 2423 2029 2470 ne
2083 2409 2264 2471 arcto
2313 2400 2580 2471 vinculo

388 2509 758 2602 conjunctae
790 2509 1127 2581 sententiae
1150 2510 1643 2603 disjungantur,
1679 2509 2082 2602 conjunctivi
2117 2531 2314 2579 usum
2363 2508 2582 2600 potius

389 2620 470 2689 ad
512 2618 721 2689 futuri
770 2620 1106 2689 notionem
1148 2620 1606 2704 referendum3
1647 2620 2001 2711 posteriuS,
2032 2621 2201 2688 hanc
2229 2618 2438 2689 futuri
2471 2640 2582 2687 noa

388 2727 637 2797 tionem
708 2727 970 2797 facilius
1036 2726 1107 2795 in
1163 2724 1496 2797 similibus
1565 2748 1769 2818 quam
1826 2722 1896 2794 in
1946 2724 2286 2797 sententiis
2337 2745 2454 2815 per
2510 2745 2580 2793 se

390 2837 717 2907 stantibus
744 2837 903 2906 oriri
928 2837 1251 2930 potuisse.

472 2948 745 3016 Priores·
794 2946 1261 3016 Delbruckium
1314 2967 1547 3015 vocare
1578 2946 1720 3035 jam
1763 2943 2055 3012 diximus
2083 2963 2192 3012 eas
2227 2942 2584 3011 sententias

389 3052 631 3146 quibus
682 3048 935 3146 aliquid
981 3054 1168 3146 prius
1222 3053 1479 3123 actione
1536 3052 1874 3143 praecipua
1917 3050 2354 3141 exprimitur3
2409 3046 2586 3139 quod

386 3164 656 3255 quidem
686 3171 801 3233 aut
822 3169 1119 3254 tempore
1145 3183 1297 3231 vere
1324 3161 1513 3253 prius
1552 3166 1654 3229 est
1685 3184 1698 3224 z
1735 3166 1811 3239 Θ,
1846 3160 2000 3228 405.
2039 3165 2184 3228 Οὐδὲ
2205 3186 2302 3227 κεν
2332 3164 2392 3237 ἐς
2419 3164 2588 3227 δεκάό

386 3300 512 3353 τους
554 3280 1059 3361 περιτελλομένους
1102 3277 1384 3350 ἐνιαυτοὺς
1440 3269 1600 3337 ἕλκε’
1636 3274 2066 3354 ἀπαλθήσεσθον
2098 3275 2134 3335 ἅ
2173 3295 2270 3335 κεν
2311 3274 2591 3358 μάρπτῃσι

386 3390 677 3470 κεραυνός,
716 3387 831 3449 aut
860 3378 1227 3449 intellectui
1258 3376 1444 3468 prius
1474 3374 1860 3443 habendum
1896 3379 1996 3441 est
2030 3396 2043 3437 ι
2082 3381 2132 3451 l,
2159 3366 2312 3440 116.
2356 3369 2497 3439 Ἀντί
2529 3398 2588 3439 νυ

387 3497 621 3559 πολλῶν
649 3497 805 3558 λαῶν
826 3492 969 3559 ἐστὶν
996 3494 1160 3577 ἀνήρ,
1190 3495 1312 3555 ὅντε.
1345 3490 1482 3562 Ζεὺς
1513 3495 1648 3571 κῆρι
1676 3490 1905 3572 φιλήσῃ.

476 3597 887 3689 Conjunctivi
942 3598 1013 3665 in
1052 3593 1381 3687 ejusmodi
1426 3591 1774 3661 sententiis
1813 3590 1911 3659 vis
1951 3590 2086 3658 fere
2117 3586 2348 3655 eadem
2391 3591 2586 3675 atque

386 3702 598 3775 futuri
644 3713 761 3775 aut
809 3704 1021 3774 futuri
1074 3699 1423 3773 anterioris
1464 3719 1609 3767 esse
1655 3705 1888 3789 potest.
1923 3695 2247 3784 ‘Exempla
2287 3700 2464 3773 sunt,
2499 3732 2588 3742 —

388 3834 543 3883 cum
600 3814 996 3905 pronomine
1042 3811 1341 3893 relativo,
1392 3813 1539 3881 Ath.
1591 3806 1662 3874 V.
1710 3808 1809 3888 111,
1863 3805 1975 3884 25,
2023 3806 2088 3883 5,
2142 3803 2416 3869 bhdvasi
2461 3820 2588 3887 pus

386 3925 678 4001 trc‘t'nczm
716 3924 918 3991 mata'
948 3924 1289 4013 ιφ’ᾶτῑιήᾶιῐι
1325 3920 1630 4011 jandydg:
1676 3930 1755 3983 ca
1804 3912 1984 4003 ῃᾱή,
2042 3912 2254 3979 «Esto
2295 3908 2586 3977 filiorum

455 4155 501 4210 l.
536 4156 887 4211 Senseriticam
910 4169 1113 4222 quoque
1138 4154 1468 4207 Delbruckius
1505 4153 1689 4203 affert:
1715 4146 1837 4208 vm,
1864 4144 1944 4211 50,
1975 4145 2051 4197 11.
2067 4143 2390 4225 'mariamniae‘
2405 4141 2508 4210 ydd
2535 4144 2592 4206 ivi

391 4228 455 4284 ὴυ
477 4232 685 4283 indo-am
715 4229 1015 4280 vrisltanam
1052 4229 1176 4279 εάεᾶ
1212 4232 1323 4278 cute
1358 4226 1648 4289 sdkhdyam
1685 4218 2094 4274 krindvaeimahat,
2124 4233 2147 4263 <t
2183 4218 2283 4267 Hoc
2315 4220 2511 4295 agimus
2535 4221 2592 4293 ut

392 4303 593 4355 lndram
642 4302 939 4365 largitorem
992 4302 1047 4351 in
1089 4300 1332 4351 sacrificio
1356 4298 1505 4348 nohis
1537 4296 1754 4346 amicum
1782 4291 2026 4342 faciamus
2053 4306 2100 4349 ι),
2139 4303 2290 4352 quam
2321 4292 2486 4352 potius
2519 4300 2592 4335 sic

394 4374 790 4427 transferendam
814 4387 923 4427 esse
943 4372 1173 4423 existimo
1196 4380 1211 4429 ς
1245 4386 1271 4420 ι
1300 4372 1572 4423 Precamur
1598 4361 1880 4430 (absolute),
1915 4368 2052 4419 ut.,.a
2081 4367 2172 4412 cet.·
2207 4376 2232 4409 ι
