3234 5150
1376 413 1656 470 ..55-

410 535 737 624 junctivo,
791 537 1121 627 cupidinis
1158 537 1494 607 notionem
1540 548 1656 608 aut
1695 541 1916 629 potius
1963 540 2273 628 precandi
2309 539 2442 606 vim
2475 539 2598 608 soli

416 641 701 730 optativo
738 643 1029 719 subesse,
1071 663 1155 710 ne
1191 643 1384 733 plura
1413 644 1615 712 simul
1647 644 1986 733 agitarem,
2026 644 2413 712 Delbruckio
2453 667 2601 713 con-

417 749 647 818 cedere
674 750 855 822 visus
888 772 1059 818 sum.
1095 749 1403 840 Superest
1449 759 1523 819 ut
1579 773 1696 841 per
1724 751 2218 839 conjunctivum
2261 773 2486 841 preces
2538 760 2602 820 et

419 879 537 948 per
560 858 923 949 optativum
944 859 1131 947 jussa
1153 859 1434 948 proferri
1455 881 1648 949 posse
1673 860 2182 938 ostendam,·nec
2211 868 2422 928 certos
2451 860 2601 927 illos

422 986 587 1055 quos
612 967 879 1057 utrique
904 966 1219 1057 imposuit
1246 966 1434 1045 fines,
1462 969 1563 1037 vel
1594 969 1664 1036 in
1695 967 2179 1057 antiquissimis
2210 991 2374 1058 quos
2414 967 2606 1039 finxit

422 1073 721 1144 sensibus
757 1076 1180 1167 deprehendi.

508 1184 629 1252 Per
656 1185 1154 1273 conjunctivum
1200 1183 1646 1275 precationem
1673 1182 1956 1274 exprimi
1981 1205 2170 1273 posse
2201 1184 2307 1252 vix
2335 1183 2610 1254 dcmon··'

422 1293 734 1362 stratione
758 1299 924 1383 eget.
952 1294 1024 1360 In
1055 1293 1371 1382 negativis
1402 1301 1623 1367 autem
1647 1292 1986 1361 sententiis
2014 1292 2152 1383 ipse
2181 1293 2606 1366 Delbruckius

418 1401 764 1491 profitetur
816 1400 1323 1490 conjunctivum
1371 1401 1462 1469 ita
1506 1399 1818 1491 usurpari
1873 1405 1948 1467 ut
1997 1399 2264 1489 optativi
2309 1401 2607 1491 exempla

419 1509 857 1601 reperiantur,
902 1510 1077 1599 quod
1127 1509 1210 1578 ad
1244 1531 1515 1577 sensum
1552 1508 1858 1598 pertinet,
1907 1507 1988 1574 ab
2036 1529 2112 1575 eo
2153 1507 2260 1575 vix
2305 1508 2608 1596 (minime
2715 1523 2720 1526 ·

423 1617 715 1704 quidem,
751 1624 826 1685 ut
852 1619 993 1706 jam
1024 1617 1325 1704 videbis),
1353 1615 1720 1684 differentia
1753 1615 1845 1704 (p.
1877 1615 2058 1704 115).
2093 1614 2258 1683 Satis
2285 1615 2412 1684 erit
2431 1638 2609 1684 com-

420 1744 651 1812 parare
671 1722 840 1790 illud
867 1745 1065 1813 supra
1091 1725 1372 1792 allatum
1408 1723 1810 1813 exemplum,
1841 1723 1917 1800 11,
1961 1723 2070 1800 28,
2091 1723 2158 1801 9,
2181 1727 2467 1790 ma'hdm
2496 1738 2609 1791 νᾶ-

409 1833 587 1919 jann
629 1834 1078 1921 anydlcritena
1116 1834 1403 1922 bhojam,
1451 1859 1483 1896 «
1521 1833 1634 1910 Ne,
1679 1854 1716 1899 o
1749 1853 1886 1908 reX,
1933 1831 2228 1899 alienum
2265 1839 2611 1920 peccatum

423 1938 603 2008 luam
636 1967 696 2020 »,
730 1973 816 1998 -·
841 1941 956 2009 uhi
987 1941 1473 2030 conjunctivuS,
1504 1977 1598 1997 ·-
1633 1948 1699 2008 et
1729 1942 1853 2007 hoc
1886 1941 1981 2017 VI,
2018 1941 2126 2018 51,
2164 1942 2224 2019 7,
2260 1955 2369 2007 mc'z
2390 1965 2473 2008 va
2491 1949 2610 2010 eno

427 2051 849 2139 anydlcritam
874 2052 1201 2140 bhujema.
1242 2077 1274 2115 «
1300 2050 1397 2118 Ne
1417 2047 1602 2117 vobis
1631 2047 2066 2138 (jubentibus)
2097 2056 2438 2138 peccatum
2466 2052 2614 2120 alie·

426 2180 588 2226 num
605 2158 873 2227 luamus
899 2185 961 2238 »,
980 2199 1063 2210 —
1092 2159 1207 2227 ubi
1225 2158 1551 2249 optativus
1574 2156 1836 2244 legitur.
1858 2156 1937 2223 At
1956 2156 2024 2222 in
2048 2156 2264 2247 priore
2284 2160 2606 2248 exemp10,

422 2265 808 2335 Delbruckio
836 2267 1061 2355 judice
1108 2266 1357 2355 (ibid.),
1416 2287 1491 2340 eo
1532 2265 1864 2330 minuitur
1910 2263 2266 2332 voluntatis
2319 2286 2610 2354 pronun-

424 2371 661 2440 tiandae
718 2375 817 2440 vis
842 2426 857 2454 ‚
928 2373 1161 2462 primae
1236 2371 1637 2461 conjunctivi
1703 2391 1998 2460 personae
2066 2372 2363 2462 propria,
2436 2373 2612 2462 quod

424 2500 557 2548 non
582 2501 617 2546 e
647 2481 959 2568 loquente
984 2501 1287 2569 persona,
1325 2480 1437 2548 sed
1466 2502 1542 2548 ex
1572 2479 1779 2547 altera
1807 2479 2089 2568 quadam
2119 2480 2358 2569 pendet
2383 2489 2610 2552 utrum

423 2588 741 2679 placitum
785 2588 1144 2678 expleatur,
1185 2611 1267 2656 an
1300 2610 1455 2656 non.
1508 2588 1694 2655 Haud
1746 2587 1970 2655 minus
2015 2593 2161 2677 apte
2192 2587 2395 2667 dicas,
2433 2597 2610 2679 post-

414 2720 624 2787 -quam
674 2698 843 2767 infra
887 2699 1316 2775 voluntatem,
1374 2703 1487 2768 aut
1542 2695 1763 2786 potius
1813 2695 2277 2776 hortationem,
2326 2699 2610 2788 optativo

423 2805 702 2896 exprimi
761 2828 952 2896 posse
1012 2806 1382 2885 ostendero,
1440 2805 1508 2871 in
1560 2802 1889 2892 ejusmodi
1945 2805 2262 2893 exemplis
2304 2827 2380 2873 eo
2421 2809 2610 2875 inva-

420 2912 656 2976 lescere
676 2908 1007 3000 cupidinis
1030 2909 1557 2999 pronuntiandae,
1607 2908 1664 2976 si
1718 2907 1912 2975 verbo
1953 2908 2050 2974 uti
2099 2899 2276 2985 licet,
2331 2909 2613 2994 infirmi-

426 3022 649 3091 tatem,-
711 3013 889 3102 quod
938 3034 973 3081 e
1014 3013 1323 3101 loquente
1378 3032 1654 3101 persona
1703 3016 1962 3078 tantum
1985 3060 2000 3087 ,
2065 3032 2197 3077 non
2257 3032 2333 3079 ex
2407 3014 2613 3081 altera

420 3118 693 3207 pendet,
720 3123 946 3185 utrum
990 3122 1287 3206 optatum
1330 3116 1694 3204 expleatur,
1753 3135 1837 3180 an
1874 3135 2030 3181 non.
2085 3114 2282 3182 Multo
2316 3114 2606 3195 brevius,

423 3240 543 3288 nec
572 3240 728 3297 non,
773 3225 865 3299 *ut
906 3218 1163 3308 opinor,
1212 3217 1456 3309 aptiuS,
1493 3215 1932 3284 contendatur
1977 3216 2474 3304 conjunctivum
2529 3217 2610 3285 ad

425 3327 716 3416 optativi,
773 3326 1134 3418 optativum
1183 3326 1266 3395 ad
1320 3323 1722 3414 conjunctivi
1784 3344 2056 3392 sensum
2105 3324 2609 3415 exprimendum

425 3456 626 3503 cursu
674 3434 992 3524 temporis
1043 3434 1433 3503 translatum
1485 3454 1628 3509 esse
1671 3457 1685 3498 ε
1753 3431 1934 3521 quod
1993 3453 2124 3501 non
2173 3432 2420 3523 negari,
2491 3454 2611 3503 nec

426 3543 637 3632 magis
666 3542 1107 3611 demonstrari
1136 3542 1365 3633 possit.
2393 3628 2399 3633 ἱ

510 3654 811 3721 Ceterum
840 3651 1194 3721 voluntatis
1232 3650 1671 3741 pronuntiatae·
1700 3650 1798 3719 vis
1839 3672 1971 3719 non
2005 3652 2265 3718 tantum
2316 3641 2383 3719 in
2416 3666 2609 3741 nega·

393 3759 573 3829 ·tivis
606 3759 947 3831 sententiis
980 3758 1195 3827 minui
1224 3759 1532 3849 potuerit,
1568 3748 1681 3826 sed
1723 3759 1792 3826 in
1823 3756 2096 3847 reliquis
2123 3758 2348 3826 etiam.
2383 3760 2606 3827 Preca-

422 3868 515 3935 tio
543 3868 746 3947 enim,
784 3889 919 3935 non
956 3866 1313 3935 voluntatis
1343 3866 1695 3934 declaratio
1735 3872 1834 3933 est
1874 3866 2010 3932 haec
2044 3865 2091 3943 Ι,
2134 3864 2244 3943 17,
2285 3860 2348 3943 1,
2375 3866 2478 3934 ,τᾱ’
2516 3887 2602 3933 no

424 3976 695 4042 mrilc‘zta
722 3972 952 4061 idripe',
993 3973 1257 4042 «Ambo
1288 3976 1732 4040 misereantur
1763 3972 1994 4051 nostri,
2034 3972 2186 4041 talis
2228 3973 2351 4041 viri
2387 3974 2601 4061 qualis

419 4103 538 4173 ego
569 4105 718 4151 sum
748 4108 809 4161 »‚
842 4084 945 4151 vel
987 4084 1126 4155 haec
1152 4084 1201 4161 Ι,
1238 4081 1343 4169 90,
1382 4083 1447 4159 5,
1471 4088 1535 4147 te
1568 4082 1995 4169 asmdbhyam
2031 4087 2257 4166 cdrma
2285 4102 2593 4168 yamsan,

424 4190 578 4256 «llli
626 4190 816 4260 nobis
851 4192 1245 4277 praesidium
1288 4189 1479 4256 dent!
1518 4214 1550 4253 »

508 4298 594 4365 Ne
630 4298 699 4365 in
733 4297 949 4389 prima
980 4297 1247 4387 quidem
1290 4319 1568 4387 persona
1602 4294 1891 4386 propria,
1927 4316 2070 4383 quae
2104 4292 2394 4383 fingitur,
2445 4318 2596 4365 con-
