3234 5150
1617 392 1900 447 ...ι-56..-

666 518 962 618 ‚nominis
988 518 1262 612 agentis,
1304 517 1481 609 quod
1516 519 1918 611 conjunctivi
1959 518 2192 588 formis
2223 519 2292 588 in
2328 516 2614 613 secunda
2641 515 2854 590 classe

668 627 851 704 haud
874 648 1071 716 ‚secus
1109 647 1200 706 ao,
1238 626 1577 717 praesentis
1627 626 1978 696 indicativi·
2007 627 2240 695 formis
2291 628 2358 696 in
2389 628 2601 718 prima
2636 626 2851 700 inesse

671 734 881 826 fingit,
916 734 1194 824 exempli
1230 756 1427 810 causa
1459 757 1495 802 e
1520 736 1810 806 themate
1846 720 2150 804 bhdra'in
2177 737 2480 808 bhdra-ti.
2503 761 2534 799 «
2563 741 2851 826 gestator

668 841 782 914 ille
820 867 880 922 »‚
916 821 1184 915 sensum
1206 863 1439 912 eruere
1468 843 1537 912 in
1566 843 1985 932 conjunctivo
2015 869 2048 908 «
2085 843 2454 913 destinatur
2502 843 2584 911 ad
2621 864 2851 932 geren·

666 949 853 1028 dum,
912 956 1096 1045 gerat
1150 975 1213 1032 »,
1280 949 1458 1018 haud
1509 971 1699 1020 secus
1749 957 1944 1039 atque
1998 951 2068 1018 in
2123 951 2475 1022 indicativo
2535 978 2568 1018 «
2617 972 2851 1040 ,gerere

667 1045 900 1149 'coepit'
942 1084 973 1127 »
1030 1057 1186 1147 (Das
1238 1059 1533 1136 Verbum,
1586 1059 1660 1137 ΙΙ,
1708 1080 1773 1148 p.
1835 1059 1972 1148 56).
2020 1059 2220 1128 Antea
2279 1064 2499 1130 autem
2540 1059 2852 1149 (Chrono-

664 1168 854 1262 loyie,
908 1188 975 1258 p.
1036 1166 1173 1257 81),
1230 1166 1403 1238 inter
1455 1167 1854 1255 conjunctivi
1906 1165 2626 1258 vimantiquissimam
2677 1188 2846 1255 quae,

666 1275 808 1365 ipso
826 1274 1075 1364 judice,
1106 1296 1181 1346 ea
1207 1274 1338 1346 fuit
1368 1279 1444 1343 ut
1477 1274 1845 1365 impelleret
1876 1274 1958 1342 ad
1988 1276 2340 1368 agendum,
2371 1282 2436 1344 et
2456 1275 2850 1350 continuatae

666 1382 942 1458 aetionis
991 1383 1329 1456 notionem
1371 1405 1571 1472 quam
1609 1383 1878 1450 nomine
1925 1384 2177 1472 agentis
2225 1383 2660 1473 significatam
2709 1405 2851 1454 esse

662 1491 1018 1574 existimat,
1060 1492 1324 1572 tertiam
1376 1490 1736 1584 quamdam
1786 1490 2094 1581 fingebat,
2139 1514 2375 1583 nempe
2425 1519 2458 1558 α
2499 1483 2847 1567 conatus.»

662 1600 1023 1674 notionem..
1080 1599 1223 1672 Haec
1277 1621 1429 1684 vero
1468 1599 1950 1690 interpretatio,
2001 1599 2055 1668 si
2099 1600 2422 1670 illustrior
2476 1601 2852 1672 faeta-fuis-

664 1714 783 1787 set,
824 1707 1152 1786 eamdem,
1190 1705 1262 1778 ni
1300 1707 1518 1788 fallor,
1576 1708 2090 1778 controversiam
2139 1709 2448 1778 movisset
2496 1716 2706 1799 atque⁶
2735 1710 2850 1780 illa

664 1814 932 1906 optativi
976 1837 1013 1887 a
1066 1814 1329 1890 Benfeio
1374 1815 1710 1912 proposita
1775 1822 1838 1884 et
1903 1838 2089 1885 nunc,
2131 1817 2212 1884 ab
2257 1817 2399 1907 ipso
2457 1817 2676 1886 Curtio
2735 1817 2856 1888 im-

661 1928 977 2020 pugnata.
1044 1921 1227 2002 Quod
1292 1944 1329 1996 e
1390 1923 1768 1998 Delbruokii
1817 1923 2356 2014 interpretatione
2429 1925 2851 1998 manifestum

662 2030 797 2105 fiet.
2073 2101 2078 2106 ,
2667 2085 2674 2095 ,

750 2138 863 2212 Hic
904 2137 1081 2210 enim
1129 2139 1358 2212 doctus
1405 2139 1529 2218 vir,
1578 2161 1788 2232 quum
1839 2139 1908 2208 in
1955 2138 2127 2210 libro
2179 2142 2308 2208 Der
2350 2127 2684 2212 Gebrauch
2741 2145 2852 2214 dea

664 2249 1088 2337 Conjtmctivs
1116 2249 1254 2316 und
1293 2249 1591 2336 Optativs
1631 2246 1973 2334 inseriptO,
2008 2269 2074 2337 p.
2109 2247 2378 2327 15,.sihi
2409 2250 2846 2340 proposuerit,

662 2377 699 2426 e
735 2354 960 2436 variis„
1020 2375 1227 2443 quum
1280 2354 1711 2448 conjunctivi,
1770 2360 1914 2424 tum
1969 2354 2263 2444 optativi,
2321 2356 2648 2437 sensibus,
2697 2380 2851 2430 eum

662 2482 915 2548 eruere,
950 2483 1081 2529 non
1112 2466 1373 2533 tantum
1410 2462 1601 2550 eujus
1657 2461 1879 2556 aliqua
1915 2468 2087 2532 esset
2121 2484 2276 2531 oum
2319 2463 2532 2535 forma
2581 2486 2854 2556 congru-

662 2569 862 2651 entia,
896 2568 1242 2649 sedetiam
1286 2570 1371 2643 ad
1399 2592 1597 2664 quem
1631 2570 1830 2641 ceteri
1858 2592 2088 2639 omnes
2117 2569 2349 2652 referri
2401 2582 2691 2662 possent,
2728 2577 2856 2665 pri-

663 2699 839 2772 mam
873 2676 1007 2746 vim
1044 2676 1250 2755 fuisse
1284 2678 1496 2761 docet,
1532 2717 1615 2731 -
1649 2677 2054 2767 conjunctivi
2093 2684 2169 2747 ut
2197 2700 2493 2769 personae
2521 2682 2852 2771 loquentis

661 2786 1095 2872 voluntatem,
1129 2824 1219 2835 —-
1256 2785 1525 2875 optativi
1569 2792 1648 2879 ut
1674 2785 1969 2874 ejusdem
2014 2786 2400 2882 cupidinem
2427 2790 2846 2880 exprimeret.

661 2894 753 2963 Ad
782 2893 1140 2963 voluntatis
1163 2898 1385 2963 autem
1408 2894 1747 2965 notionem
1777 2895 1847 2965 in
1879 2897 2299 2989 conjunctivo
2331 2919 2368 2965 a
2410 2897 2676 2971 notione
2706 2922 2852 2971 con·

662 3001 934 3086 tinuatae
964 3001 1241 3069 actionis
1282 2994 1399 3093 pe'r
1446 3003 1782 3073 notionem
1821 3009 2096 3077 conatus
2134 3003 2486 3079 transitum
2521 3008 2852 3089 esseexis·

662 3109 854 3179 timat
903 3109 1046 3197 (loc.
1088 3111 1229 3187 cit„
1280 3131 1345 3199 p.
1401 3110 1653 3199 14-15).
1713 3111 1814 3190 At,
1871 3110 2428 3201 quemadmodum
2477 3134 2514 3187 e
2561 3115 2852 3195 themate

661 3218 897 3296 Ιιάηα-,
938 3215 1221 3307 exempli
1251 3237 1472 3296 eausa,
1526 3224 1788 3300 ,motum
1835 3218 2031 3291 ferire
2077 3220 2376 3293 conantis
2416 3221 2844 3319 exprimente,

665 3322 824 3390 oriri
845 3322 1055 3412 potuit
1076 3323 1145 3390 in
1176 3322 1392 3413 prima
1416 3346 1708 3415 persona·
1723 3329 2029 3396 hana-mi
2053 3349 2287 3401 sensus
2311 3330 2517 3401 «volo
2549 3330 2746 3403 ferire
2769 3356 2844 3413 υ,
2891 3372 2900 3383 -

664 3429 753 3498 ita
815 3450 1083 3498 sensum
1135 3430 1206 3499 in
1254 3432 1543 3501 secunda
1594 3439 1659 3502 et
1711 3434 1904 3503 tertia
1970 3455 2248 3525 persona
2304 3438 2602 3517 hana-si,
2646 3441 2851 3509 hetna-

664 3539 739 3615 ti,
786 3535 946 3605 oriri
987 3536 1299 3625 oportuit,
1354 3559 1487 3606 non
1548 3564 1581 3603 «
1632 3540 1779 3609 volo
1828 3540 2053 3627 ferias,
2097 3541 2289 3610 feriat
2335 3569 2396 3623 »,
2449 3543 2563 3615 sed
2627 3570 2660 3609 «
2721 3546 2844 3625 viS,

664 3644 809 3713 vult
850 3644 1139 3713 ferire».
1196 3645 1271 3713 Ut
1323 3645 1473 3715 aliis
1533 3648 1750 3717 verbis
1797 3656 1972 3730 utar,
2027 3670 2063 3718 e
2112 3650 2381 3722 notione
2439 3660 2713 3723 conatus
2766 3655 2849 3725 ad

663 3752 1018 3834 voluntatis
1046 3752 1314 3841 quidem
1341 3754 1677 3823 notionem
1709 3756 1902 3825 facile
1935 3759 2206 3827 transiri
2238 3761 2620 3841 concedam,
2662 3763 2848 3832 dum-

665 3858 859 3929 modo
888 3864 1123 3957 tamen·
1170 3860 1577 3930 voluntatem
1625 3884 1920 3953 personae
1953 3865 2419 3938 terminatione
2467 3867 2845 3958 designatae,

663 3988 797 4046 non
826 3966 1230 4035 voluntatem
1261 3989 1557 4058 personae
1586 3970 1920 4059 loquentis
1951 3970 2223 4041 dixeriS.

723 4238 771 4290 1.
790 4232 873 4287 'De
913 4240 1208 4290 continuatae
1245 4240 1456 4291 actionis
1496 4242 1700 4293 notione
1727 4242 1796 4301 ,in
1833 4244 2136 4297 thematibus
2171 4248 2433 4311 praesentis
2467 4238 2722 4300 indicativi
2755 4263 2849 4299 no-

661 4308 794 4358 mine
818 4310 1009 4379 agentis
1032 4311 1311 4373 significata
1334 4310 1443 4371 vide
1464 4326 1636 4375 supra,
1660 4327 1691 4375 p
1717 4312 1814 4363 .27.
