3234 5150
1597 488 1661 500 ..
1699 459 1769 514 46
1806 487 1875 498 ..-

638 583 920 674 junctivi
967 581 1153 672 signa
1195 569 1625 672 usurparent,
1668 587 2085 673 optaverunt,
2138 579 2629 658 dubitaverunt,
2680 600 2827 647 con-

647 689 1052 772 ditionaliter
1114 680 1606 781 judicaverunt,
1682 689 1846 760 alios
1920 690 2001 760 ad
2085 688 2414 778 agendum
2476 696 2831 778 provocare

645 800 1035 882 voluerunt;
1093 821 1216 870 nec
1265 799 1623 870 verisimile
1664 805 1765 869 est
1806 821 1943 879 eos,
1992 819 2199 890 quum
2252 797 2609 867 sententias
2652 819 2831 867 mere

647 907 1074 982 affirmativas
1112 907 1580 1002 exprimerent,
1617 913 1866 980 ceteras
1905 907 2215 979 tacuisse.
2256 907 2392 976 Imo
2422 928 2575 977 vero
2601 928 2733 975 uno
2769 911 2834 974 et

647 1017 876 1091 eodem
901 1018 1082 1090 verbi
1114 1041 1300 1100 sone,
1327 1017 1396 1088 id
1424 1025 1523 1089 est
1540 1018 1789 1101 radice,
1818 1026 1933 1088 aut
1962 1015 2354 1109 simpliciter
2379 1023 2495 1086 aut
2522 1015 2835 1086 conditio-

649 1127 886 1214 naliter
908 1127 1230 1220 judicata,
1265 1134 1510 1220 optata,
1549 1121 1961 1218 expostulata
1991 1125 2363 1206 ediderunt,
2393 1131 2457 1194 et
2480 1123 2657 1194 vocis
2688 1128 2831 1192 tan·

649 1245 792 1308 tum
807 1239 1004 1318 flexu,
1029 1244 1242 1328 gestu,
1257 1242 1382 1306 cet.
1397 1289 1412 1317 ‚
1432 1235 1839 1329 peculiarem
1868 1233 2191 1305 sentiendi
2211 1233 2485 1304 modum
2501 1231 2835 1303 declaran-

649 1347 809 1418 dum
845 1352 1264 1418 curaverunt.
1288 1347 1416 1416 Nec
1443 1353 1799 1438 postquam
1822 1343 2176 1415 verborum
2206 1341 2587 1413 informatio
2617 1341 2833 1434 prima

647 1458 730 1526 ad
765 1455 1270 1547 exprimendum
1308 1476 1747 1547 personarum
1790 1453 2149 1524 discrimen
2180 1452 2667 1523 accommodata
2702 1460 2828 1533 est,

651 1563 883 1653 (haud,
923 1571 997 1633 ut
1033 1563 1257 1646 credo,
1293 1564 1375 1634 ab·
1407 1563 1626 1646 initio,
1672 1562 1787 1633 sed
1822 1571 2084 1655 postera
2128 1562 2413 1653 quadam
2444 1559 2829 1642 delectione,

649 1672 734 1741 cf.
767 1673 1105 1741 Me'moires
1137 1673 1215 1741 de
1246 1674 1315 1740 la
1351 1674 1604 1743 Socie'te'
1638 1673 1717 1741 de
1760 1673 2216 1764 linquistique‚
2250 1671 2349 1753 111,
2387 1693 2453 1762 p.
2490 1667 2689 1760 152),
2711 1668 2831 1738 uni

649 1789 713 1850 et
779 1781 994 1851 eidem
1073 1782 1400 1873 cujusque
1457 1797 1753 1874 personae
1835 1783 2066 1851 formae
2138 1778 2355 1850 varios
2428 1777 2829 1858 affiimandi‚

649 1890 945 1982 optandi,
1007 1889 1404 1981 imperandi,
1473 1890 1819 2012 dubitandi
1886 1890 2118 1960 modos
2180 1888 2508 1980 subjicere
2577 1885 2835 1958 destite-

649 2005 830 2068 runt.

734 2103 1188 2198 Progrediente
1216 2106 1481 2176 tandem
1502 2116 1565 2177 et
1596 2106 1843 2177 variato
1873 2107 2226 2176 verborum
2256 2101 2833 2174 informandorum

648 2233 802 2296 usu,
827 2236 961 2282 non
981 2225 1414 2306 personarum
1435 2222 1722 2297 tantum,
1746 2217 1883 2297 sed,
1906 2223 1983 2285 ut
2018 2224 2313 2307 tempora
2335 2205 2663 2296 omittam,
2700 2237 2834 2283 mo·

649 2324 886 2394 dorum
917 2345 1180 2415 quoque
1211 2321 1598 2393 discrimina
1622 2324 1899 2394 diversis
1921 2323 2126 2414 signis
2147 2323 2424 2415 exprimi
2450 2329 2830 2414 potuerunt,

648 2453 780 2500 non
822 2431 912 2501 ita
959 2438 1180 2500 tamen
1211 2437 1287 2501 ut
1341 2431 1623 2522 singulis
1681 2433 2158 2502 sententiarum
2189 2431 2539 2523 generibus
2574 2430 2836 2520 singula

647 2538 893 2609 indicia
945 2541 1438 2631 responderent.
1485 2541 1649 2611 Nam
1698 2542 1800 2611 vel
1838 2540 1909 2611 in
1958 2540 2441 2633 antiquissimis
2488 2540 2835 2611 literarum

649 2649 1096 2718 monumentis
1128 2649 1322 2718 multi
1355 2656 1600 2719 suntet
1630 2672 1835 2743 prope
1862 2651 2131 2732 infiniti,
2164 2674 2373 2741 quum
2404 2649 2831 2741 conjunctivi,

648 2761 792 2825 tum
818 2755 1088 2848 optativi
1113 2778 1302 2838 uSUS,
1327 2762 1393 2825 et
1423 2757 1478 2826 si
1509 2780 1588 2827 ex
1616 2758 1753 2827 illis
1779 2759 2051 2849 quidam
2084 2759 2459 2829 subtiliores
2490 2754 2835 2827 omittendi

578 2932 583 2935 .
648 2869 826 2944 sunt,
859 2870 937 2933 111
965 2886 1045 2934 ex
1080 2863 1349 2955 antiqua
1372 2864 1512 2955 jam
1543 2865 1805 2934 cultura
1845 2866 1995 2946 orti,
2039 2868 2141 2936 vel
2183 2890 2219 2937 a
2252 2868 2467 2959 primo
2512 2863 2837 2936 sermonis

645 2970 836 3042 initio
883 2972 1136 3043 colores
1180 2973 1659 3044 sententiarum
1706 2976 1932 3067 plures
1976 2978 2267 3068 profecto
2321 2977 2593 3046 fuerunt
2632 2995 2833 3066 quam

648 3088 721 3151 ut
748 3081 961 3151 trihus
985 3080 1318 3152 autetiam
1348 3088 1634 3173 quatuor
1661 3082 2030 3153 formarum
2062 3084 2415 3175 generibus
2446 3082 2834 3175 singulatim

647 3188 927 3281 proferri
957 3197 1248 3283 possent.
1275 3190 1339 3259 Si
1364 3191 1589 3283 igitur,
1627 3214 1832 3283 quum
1858 3192 2287 3285 conjunctivi,
2321 3186 2461 3263 111111
2493 3191 2763 3285 optativi
2783 3193 2829 3272 ¹,

648 3318 824 3367 unus
862 3298 1156 3390 primum
1213 3320 1446 3367 sensus
1495 3298 1804 3391 proprius
1857 3301 2114 3383 fuisset,
2158 3324 2195 3371 a
2242 3323 2373 3393 quo
2423 3301 2623 3371 ceteri
2672 3286 2837 3369 deri-

649 3407 842 3479 vandi
883 3416 1126 3490 essent,
1165 3407 1587 3498 oportuisset,
1624 3408 1829 3478 donec
1871 3408 2054 3499 prior
2096 3432 2259 3479 usus
2298 3410 2495 3480 latior
2528 3417 2592 3480 et
2624 3408 2838 3501 copio-

649 3514 786 3586 sior
841 3516 1049 3596 fieret‚
1116 3516 1408 3606 reliquos
1468 3516 1947 3587 sententiarum
2006 3517 2258 3606 colores
2313 3518 2547 3587 iisdem
2604 3516 2837 3586 formis

650 3630 846 3715 atque
881 3646 1132 3693 meram
1164 3623 1672 3695 affirmationem
1703 3624 2005 3716 exprimi.
2040 3608 2225 3706 Quod
2264 3626 2531 3717 quidem
2569 3626 2739 3694 nihil
2768 3625 2837 3694 in

651 3755 722 3803 se
751 3733 1018 3805 absurdi
1051 3735 1268 3805 habet.
1299 3734 1423 3804 Sed
1462 3757 1595 3804 non
1624 3734 1888 3827 longius
1917 3734 2263 3805 rationem
2266 3757 2595 3806 arcessele
2628 3735 2839 3805 videa*

653 3864 828 3925 mur,
855 3841 911 3913 si
940 3841 1376 3934 conjiciamus
1401 3843 1766 3935 optativum
1795 3851 1859 3914 et
1887 3845 2386 3955 conjunctivum
2413 3845 2607 3915 ambo
2634 3844 2837 3915 simul

651 3959 716 4021 et
757 3952 944 4021 nullo
992 3951 1375 4021 discrimine
1422 3973 1653 4021 omnes
1696 3974 1831 4021 non
1882 3974 2062 4023 mere
2106 3952 2531 4041 affirmativas
2584 3954 2838 4023 sentens

651 4061 779 4129 tias
833 4084 870 4130 a
931 4060 1256 4152 principio
1307 4060 1728 4153 expressisse.
1792 4058 1953 4129 Nam
2013 4063 2190 4153 quod
2240 4058 2652 4133 diversarum
2707 4062 2839 4131 for-

720 4332 765 4381 1.
798 4332 864 4381 De
904 4326 1194 4395 imperativo
1229 4335 1366 4383 taceo
1403 4343 1572 4395 quem,
1605 4330 1741 4383 utin
1744 4327 2004 4397 prooemio
2040 4328 2156 4391 dixi,
2182 4328 2366 4396 panim
2398 4338 2492 4397 ego
2520 4328 2708 4384 nomini
2736 4328 2840 4383 vin-⁸

656 4392 782 4462 dico,
810 4418 902 4467 pai
906 4402 995 4453 tim
1018 4412 1189 4457 omnes
1206 4404 1268 4454 a'd
1285 4401 1655 4467 conjunctivum
1677 4390 1924 4455 referunt:
