3234 5150
1566 483 1892 537 -118—

648 635 765 705 pro
792 613 1099 682 secundis
1132 617 1197 680 et
1224 609 1436 679 tertiis
1457 608 1814 698 singularis
1841 607 2214 699 (Delbruck,
2243 613 2363 678 loc.
2389 615 2526 691 cit„
2551 634 2616 702 p.
2643 613 2825 701 197),

646 723 760 791 sed
815 721 1013 791 ctiam
1061 741 1179 810 pro
1229 716 1535 786 secundis
1575 715 1856 806 pluralis
1891 717 2153 784 numeri
2185 724 2518 811 usurpatae
2543 733 2696 788 'esse
2735 721 2830 788 vi-

647 833 907 899 dentur.
940 830 1101 897 Nam
1148 826 1269 898 etsi
1322 822 1754 916 grammatico
1781 823 2035 907 Panini,
2086 827 2345 897 vedicas
2381 827 2630 897 formas
2673 829 2829 897 affe-

646 938 843 1018 renti,
869 959 1003 1005 non
1032 957 1292 1026 semper
1320 934 1516 1002 fidem
1548 932 1864 1000 adhibere
1898 954 2275 1024 possumus,
2329 937 2438 1006 hic
2469 937 2616 1027 ejus
2649 936 2829 1006 testi-

647 1048 949 1118 monium
985 1047 1077 1134 (7,
1110 1035 1548 1125 1‚44)-lati'nae
1576 1043 1820 1132 linguae
1854 1045 2341 1135 comparatione
2371 1048 2826 1126 confirmatur,

644 1157 716 1224 in
736 1155 1023 1224 secunda
1053 1147 1337 1244 pluralis
1362 1170 1645 1242 persona
1677 1151 1960 1220 formam
1985 1155 2240 1243 leqitote
2265 1154 2630 1224 exhibentis
2657 1177 2824 1245 quae,

646 1270 760 1333 aut
786 1263 1045 1332 dativus
1072 1268 1172 1330 est
1210 1259 1521 1328 thematis
1555 1258 1625 1327 in
1647 1268 1796 1338 -ιᾱι,
1833 1266 1948 1329 aut
1972 1262 2230 1329 nudum
2269 1264 2490 1334 thema
2518 1263 2830 1354 primitus

646 1374 715 1441 in
733 1374 890 1440 -ιᾱιί
910 1371 1275 1448 desinens¹,
1300 1389 1334 1437 e
1364 1391 1494 1458 quo
1516 1369 1734 1436 thema
1765 1367 1836 1436 in
1857 1378 2006 1449 -ἰᾶί,
2027 1369 2299 1439 cadente
2323 1371 2512 1441 litera
2533 1375 2582 1452 i,
2609 1379 2828 1440 ortum

646 1505 787 1552 esse
831 1481 1126 1574 plerique
1183 1478 1631 1570 grammaticae
1677 1479 2137 1570 comparativae
2175 1480 2527 1572 scriptores
2561 1503 2831 1550 consen-

645 1591 842 1660 tiunt.
872 1590 1010 1656 Imo
1056 1587 1417 1655 latinarum
1457 1585 1828 1654 formarum
1866 1586 1937 1654 in
1966 1596 2125 1655 -tote
2159 1588 2374 1678 major
2403 1610 2556 1657 cum
2586 1589 2830 1658 vedicis

647 1700 717 1767 in
730 1707 880 1776 -ἰᾶί,
915 1696 1089 1786 quod
1120 1694 1202 1764 ad
1232 1696 1454 1763 thema
1490 1701 1666 1762 certe
1689 1693 1948 1777 attinet,
1979 1694 2346 1764 similitudo
2375 1717 2518 1765 esse
2547 1697 2825 1778 videtur,

648 1826 847 1896 quam
882 1803 1243 1873 latinarum
1273 1809 1337 1871 et
1365 1823 1732 1892 graecarum
1764 1801 1834 1869 in
1847 1811 1966 1882 -t0,
1995 1833 2124 1872 -τω,
2149 1803 2276 1871 Has
2301 1803 2478 1872 enim
2505 1804 2826 1895 suspicor,

580 1947 585 1954 ·
648 1935 779 1981 non
822 1912 1153 2004 duplicem
1198 1911 1501 1980 suffixam
1547 1920 1676 1977 -tat
1725 1931 1844 2000 pro
1862 1913 2020 1978 -ῐᾱίἰ
2067 1911 2425 1991 continere,
2465 1933 2611 2002 quae
2657 1912 2831 2001 apud

648 2020 895 2089 Graecos
928 2026 1151 2088 tamen
1194 2026 1257 2088 et
1284 2018 1542 2087 Latinos
1606 2017 1676 2085 in
1703 2018 1936 2086 formis
1967 2025 2042 2086 ut
2075 2025 2346 2099 ἐλθέτως,
2381 2021 2560 2088 estod
2592 2020 2824 2109 (Curt.,

650 2131 786 2197 Das
822 2130 1120 2206 Verbum,
1154 2149 1219 2217 p.
1255 2126 1367 2215 44)
1407 2131 1658 2194 servata
1687 2132 1810 2204 est,
1846 2125 1959 2194 sed
1990 2125 2360 2215 simplicem
2388 2135 2511 2193 -tcz.

734 2235 977 2303 Eadem
1008 2235 1174 2303 forte
1212 2233 1447 2302 suffixa
1482 2243 1575 2312 ἰᾱ,
1613 2232 2074 2301 terminatione
2108 2233 2460 2302 accusativi
2491 2258 2580 2312 m,
2626 2241 2702 2302 ut
2731 2234 2831 2301 in-

647 2340 943 2408 finitivus
972 2338 1399 2408 sanseriticus
1430 2343 1494 2406 et
1520 2338 1835 2427 supinum
1866 2336 2148 2407 latinum
2187 2339 2256 2406 in
2284 2349 2478 2421 —tum,
2507 2341 2828 2410 instructa

647 2453 913 2568 apparet
955 2445 1025 2513 in
1058 2443 1249 2513 tertia
1297 2443 1466 2534 sing.
1507 2443 1709 2512 medii
1738 2465 2016 2534 persona
2045 2445 2220 2536 apud
2261 2447 2452 2516 Indos
2481 2469 2598 2537 per
2621 2452 2825 2516 -ἰᾱτη8

649 2555 897 2635 exienS,
929 2553 1037 2624 cui
1066 2552 1461 2643 r‘espondet
1444 2577 1513 2621 in
1540 2552 1749 2623 activo
1775 2576 2008 2643 genere
2039 2553 2292 2623 forma
2276 2576 2345 2622 1n
2363 2564 2491 2637 —tu,
2523 2555 2831 2625 thematis

648 2660 1030 2740 infinitivi,
1011 2683 1082 2728 1n
1112 2660 1401 2728 secunda
1432 2660 1699 2749 quidem
1727 2659 1936 2729 classe
1975 2660 2078 2749 cuj
2090 2682 2169 2728 us
2198 2668 2428 2730 ceterae
2461 2663 2828 2753 analogiam

649 2767 838 2857 sequi
870 2773 1250 2858 potuerunt,
1293 2767 1487 2856 plane
1526 2766 1804 2834 similis.
1797 2752 2112 2847 Quarum
2149 2767 2415 2858 quidem
2465 2770 2829 2838 formaium

649 2876 705 2943 si
750 2875 965 2966 reipsa
1018 2896 1093 2943 ea
1134 2874 1318 2965 origo
1353 2874 1574 2954 fuerit,
1620 2874 1810 2942 nobis
1845 2874 1931 2943 sit
1964 2875 2453 2965 conjiciendum
2482 2884 2831 2968 postquam

650 2985 869 3050 dvesh-
873 2989 970 3061 tu,
990 2984 1368 3059 ἆυίεὴ-ίᾶτη,
1403 3004 1439 3049 e
1467 2981 1690 3050 radice
1720 2984 1906 3049 dvis-h
1937 2982 2297 3063 «odisse»,
2318 3006 2438 3074 pro
2466 2984 2677 3054 teitus
2706 2987 2833 3054 sin-

650 3092 897 3181 gularis
928 3089 1187 3159 numeri
1215 3090 1511 3181 personis
1545 3090 1856 3181 usurpari
1886 3091 2262 3182 coepissent,
2286 3114 2322 3159 e
2344 3093 2832 3183 comparatione

649 3197 987 3266 indicativi
1028 3198 1430 3277 formarum,
1478 3220 1686 3287 quum
1739 3199 1810 3265 in
1837 3198 2157 3287 singulari
2203 3220 2483 3268 numero
2525 3202 2827 3281 dvesh-ti,

650 3307 965 3384 dvish-ta,
1003 3311 1147 3373 tum
1207 3304 1277 3372 in
1332 3305 1598 3395 plurali,
1639 3307 2030 3385 dvish-anti,
2082 3308 2441 3387 dvish-ata,
2474 3314 2650 3377 ortas
2689 3328 2832 3376 esse

652 3410 1017 3480 secundum
1055 3413 1295 3479 harum
1328 3410 1695 3499 analogiam
1730 3411 1958 3480 tertias
2003 3413 2280 3503 pluralis
2309 3414 2678 3505 imperativi
2702 3414 2832 3483 for-

651 3542 795 3588 mas
815 3522 1223 3603 dvish-antu,
1248 3521 1669 3586 dvish-atam.
1698 3519 1875 3587 Idem
1908 3520 1975 3586 in
2005 3542 2214 3609 graeca
2240 3521 2467 3613 lingua
2495 3523 2573 3592 de
2601 3522 2832 3591 formis

651 3626 845 3696 activi
891 3626 1148 3714 generis
1200 3633 1277 3694 ut
1327 3634 1610 3713 λεγόντων
1660 3625 1788 3693 dici
1831 3628 2060 3715 possit,
2111 3651 2395 3718 quarum
2437 3636 2660 3699 tamen
2703 3631 2831 3699 ele·

652 3742 950 3803 mentum
976 3762 1085 3803 των
1112 3754 1148 3800 a
1178 3732 1645 3801 terminatione
1674 3732 2030 3821 singularis
2075 3734 2362 3823 (etiamsi
2393 3759 2492 3819 ea,
2526 3744 2600 3805 ut
2632 3760 2828 3828 supra

651 3840 925 3931 conjeci,
958 3861 995 3908 e
1032 3849 1125 3919 ιᾶ,
1158 3862 1290 3909 non
1318 3862 1353 3908 e
1383 3850 1480 3908 ἰᾱε
1508 3847 1653 3908 orta
1669 3843 1866 3930 esset)
1887 3862 1962 3908 eo
1993 3840 2287 3911 differret
2321 3845 2496 3934 quod
2525 3845 2828 3914 suffixam

712 4112 759 4161 1.
788 4111 855 4161 Cf.
886 4126 1027 4161 mare
1059 4125 1084 4160 a
1115 4110 1333 4161 themate
1359 4111 1520 4160 mari·
1545 4118 1818 4163 mutatum.
1858 4115 2102 4166 Umbricae
2125 4118 2298 4167 sormae
2340 4119 2526 4168 intutu
2558 4119 2643 4183 (Cf.
2671 4120 2736 4168 B1
2736 4121 2829 4171 eal

652 4184 739 4233 Les
761 4181 921 4231 tables
946 4180 1237 4247 euqubines,
1259 4198 1308 4244 p.
1334 4182 1446 4241 168,
1471 4183 1584 4246 558)
1611 4184 1842 4233 ultimam
1877 4187 2096 4236 vocalem
2118 4203 2153 4237 u
2180 4203 2237 4237 ex
2269 4190 2494 4251 analogia
2530 4191 2702 4240 formae
2730 4191 2832 4238 sin-

651 4254 811 4313 gnlm
798 4269 840 4303 ns
863 4254 917 4302 in
933 4257 991 4303 tu
1007 4259 1171 4303 ortam
1190 4268 1299 4303 esse
1330 4254 1664 4317 conjecerim.

712 4325 758 4373 2.
796 4326 926 4381 Quas
954 4324 1281 4374 Delhruckius
1324 4326 1469 4375 affert
1500 4326 1621 4389 (Das
1647 4324 1954 4375 altindische
1986 4328 2206 4388 Verbum,
2237 4344 2287 4393 p.
2319 4330 2394 4396 71)
2417 4332 2641 4381 formas
2627 4346 2679 4380 m
2704 4332 2828 4390 Ἣᾶηι

651 4407 721 4443 eae
747 4395 807 4442 ad
836 4396 1001 4443 thema
1020 4395 1235 4444 nominis
1259 4395 1468 4445 actionis
1486 4394 1539 4444 in
1562 4395 1597 4443 ά
1614 4395 1798 4451 referri
1823 4405 2045 4460 possunt.
