3234 5150
1606 387 1924 444 —128—

672 511 930 580 dicibus
978 510 1368 581 incrementi
1406 533 1712 602 capacem
1748 515 2040 582 vocalem
2090 510 2572 594 exhibentibuS,
2620 517 2858 582 breio-a

672 617 871 707 cujus
896 620 1083 688 radix
1108 628 1204 689 est
1240 622 1365 687 bra
1402 615 1726 709 «loqui»,
1755 621 2082 710 dvish-yci'
2106 623 2301 711 eujus
2325 623 2509 690 radix
2538 631 2638 692 est
2663 615 2855 691 daish

675 725 1033 794 «odisse».
1090 725 1250 795 Cum
1291 726 1395 793 his
1438 726 1780 815 aptissime
1822 727 1892 793 in
1939 727 2161 816 lingua
2222 749 2431 817 graeca
2481 737 2857 819 congruunt

671 833 1069 922 conjunctivi
1105 836 1327 903 thema
1362 841 1471 903 δώο
1522 834 1592 900 in
1627 832 1875 920 δώ-ο-μεύ
1921 842 1986 903 et
2031 835 2299 925 optativi
2343 838 2564 904 thema
2603 843 2749 921 δό-ιη
2786 837 2856 903 in

670 948 881 1025 δὲ-ιη-ν.
926 941 1139 1019 Quum
1167 943 1370 1021 enim,
1405 941 1708 1010 instituto
1739 943 1808 1011 in
1849 943 2044 1011 verbo
2083 965 2292 1032 graeco
2323 944 2858 1035 antepenultimae

675 1047 817 1133 (aut
852 1049 1259 1140 penultimae)
1296 1037 1627 1120 elevandae
1671 1072 1879 1128 more,
1930 1050 2113 1140 prior
2151 1047 2459 1120 accentus
2495 1053 2679 1121 sedes
2712 1052 2856 1141 jam

671 1177 803 1224 non
848 1159 1107 1247 agnosci
1142 1159 1371 1248 possit,
1411 1181 1488 1229 eo
1534 1167 1755 1229 tamen
1792 1168 1937 1250 apte
1973 1159 2378 1228 sanscriticis
2412 1160 2856 1250 conjunctivis

669 1271 733 1332 et
784 1265 1085 1355 optativis
1137 1288 1380 1358 graecos
1431 1274 1587 1346 δω-ο,
1649 1273 1812 1352 δο-ιη,
1865 1268 2257 1358 respondere
2309 1290 2506 1358 supra
2563 1265 2856 1346 vidimus

674 1373 764 1462 (p.
800 1373 833 1439 7
865 1379 929 1442 et
968 1374 1104 1462 14),
1139 1375 1316 1464 quod
1347 1374 1589 1444 radicis
1629 1374 1872 1444 vocalis
1901 1375 1970 1442 in
1998 1376 2418 1465 conjunctivo
2453 1383 2592 1443 δω-ο
2631 1359 2850 1454 ευοιεθ,

671 1478 740 1547 in
771 1481 1056 1571 optativo
1086 1489 1305 1551 autem
1347 1489 1484 1568 δο-ιη
1527 1503 1693 1574 pura
1728 1482 2079 1573 reperitur.
2797 1471 2808 1483 ’

759 1697 830 1766 In
878 1695 1094 1788 prima
1136 1699 1597 1789 conjugatione
1644 1698 1976 1790 praecipua
2033 1699 2304 1791 optativi
2355 1696 2525 1767 nulli
2585 1697 2856 1788 genuini

670 1825 812 1874 esse
866 1813 1165 1895 possunt.
1216 1807 1287 1873 In
1337 1807 1522 1875 nullo
1570 1807 1747 1875 enim
1803 1807 2066 1896 signum
2119 1805 2389 1896 optativi
2452 1796 2659 1874 radici
2727 1805 2854 1896 ipsi

670 1912 977 1981 adhaeret.
1023 1913 1204 1991 Quod
1254 1914 1334 1982 ad
1390 1914 1888 2020 conjunctivum
1934 1920 2205 2004 spectat,
2253 1913 2610 1982 omittenda
2662 1913 2855 1982 nobis

672 2027 827 2089 sunt
856 2019 1109 2090 decima
1140 2020 1396 2100 classi8‚
1430 2021 1917 2091 denominativa
1962 2021 2208 2099 omnia,
2256 2017 2545 2090 themata
2596 2019 2666 2086 in
2703 2021 2848 2097 ska,

672 2129 1051 2198 sanseritice
1096 2131 1243 2210 cha,
1288 2151 1494 2219 graece
1535 2158 1662 2210 σκο,
1704 2129 1904 2199 latine
1939 2151 2070 2207 εοο,
2119 2127 2508 2205 desinentia,
2571 2127 2854 2215 denique

669 2255 878 2326 graeca
916 2239 1205 2305 themata
1237 2237 1305 2307 in
1330 2265 1417 2306 το.
1453 2239 1524 2304 In
1554 2238 1660 2306 his
1687 2237 1866 2306 enim
1899 2235 2208 2304 omnibus
2231 2237 2517 2304 themata
2547 2235 2855 2324 conjunc-

668 2344 810 2423 tivi,
843 2344 897 2412 si
921 2367 996 2414 ea
1024 2345 1307 2435 genuina
1345 2346 1763 2425 haberemus,
1797 2344 1975 2413 haud
2011 2344 2202 2412 aliter
2231 2345 2311 2412 ab
2349 2342 2684 2412 indicativi
2714 2343 2854 2410 the-

671 2452 957 2521 matibus
978 2453 1247 2523 differre
1282 2453 1653 2522 videremus
1688 2458 1884 2542 atque
1914 2473 1949 2519 a
1976 2472 2212 2542 genere
2244 2452 2612 2519 thematum
2641 2443 2853 2518 nomi-

670 2559 922 2630 nalium
949 2560 1318 2630 masculino
1350 2560 1746 2629 femininum
1780 2583 1986 2651 genus
2021 2584 2035 2627 :
2073 2559 2246 2651 quod
2283 2557 2638 2628 discrimen
2663 2557 2852 2649 parvi

668 2688 811 2737 esse
844 2669 1159 2738 momenti
1201 2670 1461 2737 videtur
1493 2669 1574 2737 ad
1606 2668 2026 2760 partitionem
2067 2670 2434 2737 thematum
2475 2667 2646 2736 inter
2683 2666 2856 2733 indi·

668 2776 955 2861 cativum
1030 2784 1095 2845 et
1153 2776 1649 2866 conjunctivum
1719 2776 2196 2866 explicandam.
2272 2776 2538 2844 Restant
2609 2774 2853 2843 classes

669 2883 907 2974 prima,
943 2890 1200 2974 quarta,
1238 2890 1438 2953 sexta.
1472 2883 1519 2951 E
1554 2883 1970 2972 conjunctivo
2003 2889 2250 2973 quartae
2283 2880 2540 2961 classiS‚
2565 2878 2852 2970 exempli

668 3012 860 3059 causa
893 2994 1184 3081 pz'csh-yc‘z
1232 2992 1423 3081 cujus
1454 2991 1641 3059 radix
1675 2996 1774 3060 est
1796 2993 1971 3079 push
2013 3016 2046 3055 «
2091 2988 2333 3057 nutriri
2374 3014 2434 3067 »,
2478 2990 2699 3057 thema
2737 3009 2852 3055 no-

672 3097 870 3166 minis
923 3099 1200 3168 actionis
1235 3099 1303 3166 in
1325 3112 1433 3189 ‚ya
1462 3099 1605 3167 erui
1637 3099 1841 3189 possit
1878 3122 1892 3164 ε
1952 3104 2258 3167 accentus
2295 3096 2472 3165 enim
2522 3096 2744 3165 sedem
2782 3094 2852 3162 in

670 3205 997 3294 ejusmodi
1064 3206 1465 3275 thematibus
1535 3228 1668 3275 non
1731 3204 2216 3273 immutabilem
2295 3225 2438 3273 esse
2490 3204 2631 3297 jam
2690 3200 2854 3271 dixi-

671 3332 846 3379 mus.
896 3314 1194 3381 Ceterum
1244 3320 1494 3404 quartae
1542 3313 1738 3381 classi
1777 3312 2110 3403 passivum
2147 3310 2609 3379 sanseriticum
2657 3308 2852 3378 affine

669 3439 810 3486 esse
840 3426 1114 3497 constat,
1154 3420 1223 3486 in
1261 3443 1391 3510 quo
1422 3421 1675 3490 sufflxae
1713 3444 1800 3510 ya
1845 3419 2087 3489 vocalis
2116 3418 2430 3503 elevatur,
2469 3418 2555 3485 ita
2595 3424 2669 3485 ut
2699 3437 2853 3484 con-

664 3525 945 3614 junctivi
1001 3528 1247 3604 thema,
1308 3528 1503 3616 cujus
1561 3528 1824 3597 nullum
1882 3527 2185 3596 vedicum
2236 3525 2611 3615 exemplum
2659 3544 2853 3592 nove-

668 3632 824 3711 rim,
858 3633 929 3700 in
967 3636 1287 3725 syllabam
1328 3648 1415 3725 ιιμῖ
1462 3642 1738 3705 accentu
1779 3632 2158 3726 percussam
2188 3633 2488 3703 desinere
2525 3632 2848 3709 debuerit,

670 3740 848 3808 haud
889 3762 1079 3811 secus
1129 3764 1205 3811 ac
1240 3764 1482 3812 nomen
1534 3742 1812 3811 actionis
1860 3742 2326 3812 sanseriticum
2371 3742 2656 3830 vraj-yc‘z'
2684 3746 2749 3807 et
2777 3737 2853 3805 si·

670 3847 879 3915 milia.
930 3848 1014 3916 Ea
1066 3849 1334 3938 quidem
1380 3850 1674 3941 optativi,
1703 3872 1855 3917 ·non
1897 3843 2298 3938 conjunctivi
2333 3848 2619 3937 genuina
2651 3846 2851 3913 infor-

670 3955 871 4023 matio
901 3954 1181 4024 fuisset:
1235 3957 1347 4025 sed
1398 3956 1800 4047 conjunctivi
1843 3962 1906 4024 et
1946 3955 2214 4045 optativi
2255 3954 2518 4023 eosdem
2568 3953 2771 4023 fuisse
2813 3974 2850 4019 a

668 4061 994 4153 principio
1027 4082 1259 4131 sensus
1290 4064 1639 4144 contendO,
1673 4070 1735 4132 et
1765 4061 2037 4151 optativi
2066 4062 2314 4130 formas
2347 4062 2415 4129 in
2447 4058 2849 4149 conjunctivi

670 4171 1117 4261 paradigmata
1179 4171 1483 4241 inductas
1540 4171 1951 4263 apertissime
2019 4170 2278 4239 exhibet
2333 4170 2560 4259 lingua
2617 4168 2844 4236 latina.

672 4279 845 4347 Hanc
897 4284 1119 4349 tamen
1174 4281 1622 4369 conjecturam
1673 4300 1807 4351 non
1862 4298 2087 4367 urgeo,
2147 4282 2210 4346 et
2247 4277 2330 4346 ad
2385 4277 2670 4367 primam
2711 4296 2851 4345 sex-
