3234 5150
1328 464 1644 519 -10‘1—

485 585 569 655 De
606 587 966 656 latinorum
995 587 1493 680 participiorum
1529 590 1598 658 in
1629 592 1906 671 undu-3,
1938 593 2203 672 endu-⁸,
2244 599 2379 661 cet}
2412 592 2582 662 desi-
2633 597 2645 608 '

395 694 695 762 nentium
743 695 1203 765 informatione
1248 717 1382 765 non
1411 698 1568 765 satis
1604 697 1838 786 liquet,
1877 699 1991 766 sed
2022 720 2168 766 meo
2198 705 2417 768 tamen
2443 722 2581 769 ma-

401 801 602 891 gistro
656 802 864 870 Breali
913 802 1349 873 libentissime
1412 805 1754 884 assentiar,
1808 805 1921 894 qui
1986 827 2061 874 ea
2126 828 2161 874 a
2220 807 2452 875 suffixa
2497 811 2582 876 do

396 916 460 977 et
490 911 773 978 themate
818 910 888 977 in
936 933 1023 978 on
1050 910 1386 980 desinente
1410 911 1674 980 deducit
1722 913 2084 1002 (Memoires
2125 916 2204 980 de
2233 917 2298 981 la
2336 917 2590 982 Soc-iet&

404 1019 481 1083 de
508 1013 958 1110 linquistique‚
979 1019 1026 1096 I,
1056 1043 1123 1109 p.
1157 1019 1339 1108 201).
1378 1019 1648 1086 Nomina
1681 1027 1898 1086 autem
1932 1019 2208 1088 aetionis
2231 1021 2301 1088 in
2326 1044 2437 1101 on,
2471 1045 2576 1100 en,

404 1127 500 1204 in,
548 1147 625 1192 ex
668 1125 937 1214 antiquo
980 1149 1094 1204 an,
1144 1125 1533 1206 desinentia,
1579 1126 1650 1193 in
1703 1127 1842 1216 ipsa
1888 1126 2112 1216 lingua
2156 1127 2359 1196 latina
2399 1150 2580 1218 repe-

401 1231 667 1301 riuntur
700 1257 715 1299 :
764 1235 1133 1323 ad-sper9-o
1176 1256 1295 1323 pro
1340 1235 1783 1322 ad-sper9-0n‚
1827 1233 1896 1300 in
1928 1233 2211 1322 genitivo
2249 1236 2584 1323 acl-sperq-

404 1341 589 1420 in-is,
616 1363 1063 1430 —com-pa9-o
1084 1361 1201 1429 pro
1228 1362 1670 1428 com-paq-on,
1689 1339 1759 1408 in
1781 1339 2064 1428 genitivo
2079 1343 2578 1428 eom-paq-in-iS.

486 1446 629 1513 Jam
678 1446 1026 1536 participia
1061 1447 1269 1514 futuri
1312 1447 1554 1535 passivi
1595 1447 1818 1514 omnia
1850 1468 1886 1513 a
1916 1447 2320 1515 thematibus
2347 1447 2584 1537 prima-

407 1553 525 1620 riis
558 1553 627 1622 in
646 1575 732 1620 on
764 1553 1098 1643 (primitus
1125 1553 1269 1643 an),
1304 1577 1461 1630 ana,
1496 1563 1591 1631 lu,
1619 1557 1694 1631 ti,
1732 1557 1779 1632 i,
1815 1553 2268 1622 desinentibus
2296 1554 2582 1622 derivata

406 1660 597 1731 nobis
615 1661 751 1729 visa
774 1667 951 1740 sunt,
969 1669 1030 1730 et
1050 1660 1373 1751 ejusmodi
1396 1663 1687 1729 themata
1715 1661 2060 1730 nominum
2078 1664 2360 1729 aetionis
2377 1662 2584 1731 vicem

406 1769 799 1859 plerumque
839 1770 1095 1858 explere
1142 1769 1313 1838 inter
1362 1791 1589 1838 omnes
1631 1775 1906 1838 constat.
1941 1769 2082 1836 Non
2110 1770 2458 1837 tacendum
2489 1777 2588 1839 est

381 1863 653 1954 tamen,
696 1898 775 1944 ex
812 1877 1047 1945 iisdem
1084 1876 1337 1946 suffixis
1383 1877 1761 1955 informata,
1806 1877 1942 1945 imo
1979 1877 2239 1945 easdem
2279 1884 2590 1946 accentus

390 1984 585 2074 ⁸leges
630 1984 992 2074 sequentia,
1046 1985 1313 2052 nomina
1359 1987 1613 2074 aqentis
1639 2006 1900 2075 quoque
1928 1985 2200 2073 reperiri
2237 2009 2252 2052 :
2287 1999 2522 2074 nempe
2551 2006 2586 2052 e

415 2091 647 2162 suffixa
679 2114 771 2158 an
801 2091 1257 2160 sanseriticum
1289 2095 1509 2180 ra'jan
1544 2119 1577 2157 «
1607 2115 1722 2160 rex
1754 2118 1815 2169 »‚
1851 2092 2130 2160 latinum
2153 2095 2272 2159 edo
2291 2115 2409 2182 pro
2426 2095 2592 2160 edon

422 2215 465 2276 ς(
494 2198 786 2288 quiedit
814 2224 877 2276 »,
912 2237 997 2248 —
1028 2221 1063 2266 e
1112 2199 1365 2267 suffixis
1404 2223 1562 2279 ana,
1610 2209 1707 2279 tu,
1741 2203 1816 2278 ti,
1853 2202 1902 2278 i,
1939 2199 2322 2268 sanseritiea
2356 2202 2598 2268 vdrdh-

416 2328 551 2374 ana
596 2333 631 2371 «
676 2306 790 2394 qui
852 2312 1047 2396 auget
1086 2332 1148 2384 »‚
1175 2314 1423 2396 ,ράη-ια
1476 2334 1509 2372 ι(
1560 2307 1770 2376 viator
1817 2333 1879 2385 »‚
1912 2311 2086 2397 yd-ti
2144 2330 2176 2372 «
2215 2307 2587 2387 domitor»,

418 2417 625 2482 chid-z'
646 2441 677 2479 ε(
700 2415 815 2504 qui
840 2414 1028 2483 findit
1053 2441 1116 2493 »‚
1142 2421 1203 2483 et
1225 2438 1260 2484 e
1280 2416 1513 2484 ceteris
1536 2417 1784 2506 linguis
1812 2422 2108 2506 cognata.
2127 2415 2248 2485 Sed
2273 2437 2309 2483 e
2333 2416 2594 2484 duabus

416 2528 592 2593 eerte
640 2523 879 2591 harum
924 2522 1339 2601 suffixarum,
1392 2544 1626 2613 nempe
1679 2532 1751 2590 tu
1793 2530 1858 2592 et
1897 2527 1973 2601 ti,
2021 2524 2288 2593 nomina
2319 2523 2594 2592 aetionis

418 2631 631 2700 multo
679 2630 1091 2720 frequentius
1140 2653 1341 2720 quam
1398 2632 1668 2699 nomina
1718 2632 1966 2721 agentis
2015 2631 2370 2699 informata
2412 2638 2590 2699 sunt.

420 2742 557 2813 Imo
594 2761 631 2807 e
679 2738 912 2807 suffixa
959 2748 1031 2805 tu
1074 2728 1539 2810 sanseritieum
1583 2738 1981 2809 infinitivum
2029 2746 2092 2807 et
2147 2740 2427 2807 latinum
2490 2760 2599 2806 su-

420 2848 650 2935 pinum
718 2845 1075 2914 informata
1123 2868 1264 2915 esse
1308 2848 1449 2937 jam
1504 2846 1816 2924 diximus,
1875 2869 1997 2915 nee
2061 2848 2170 2915 eui
2233 2847 2610 2915 infinitivus-

420 2956 742 3022 hdr-tuan
783 2962 845 3021 et
891 2953 1235 3044 partieipia
1264 2954 1569 3032 ka'r-tv-a,
1602 2956 1984 3042 kar-tdv-ya
2017 2954 2212 3021 simul
2255 2954 2600 3020 obversan-

420 3070 554 3140 tur,
576 3061 853 3129 dubium
878 3082 1021 3129 esse
1037 3067 1247 3152 potest
1270 3062 1431 3149 quin
1457 3069 1589 3130 tres
1616 3064 1848 3129 formae
1869 3061 1950 3130 ad
1965 3083 2174 3129 unum
2202 3060 2598 3152 primarium

421 3170 641 3237 thema
675 3170 913 3245 kar-tu,
960 3173 1020 3235 et
1067 3167 1132 3234 id
1173 3171 1752 3245 nomen‘actionis‘,
1788 3168 2166 3237 revocandae
2196 3168 2350 3237 sint.
2385 3167 2600 3243 Quum

420 3282 640 3345 autem
693 3275 1009 3365 primaria
1048 3278 1338 3343 themata
1387 3279 1614 3343 omnia
1663 3298 1699 3343 a
1743 3276 1987 3365 quibus
2010 3274 2352 3366 partieipia
2377 3282 2618 3342 nostra·

428 3382 722 3457 derivata,
753 3388 930 3460 sunt,
974 3380 1243 3449 nomina
1274 3382 1550 3449 actionis
1578 3405 1716 3449 esse
1737 3385 2100 3469 potuerint,
2139 3388 2202 3450 et
2232 3381 2302 3448 in
2337 3380 2602 3470 partiei-

426 3492 553 3581 piis
575 3490 645 3557 in
669 3496 867 3579 tdvya
901 3495 967 3558 et
1000 3499 1107 3556 tva
1139 3489 1589 3558 desinentibus
1627 3493 1772 3556 sine
1799 3492 1996 3557 dubio
2029 3492 2306 3578 fuerint,
2331 3490 2502 3578 jure,
2535 3489 2604 3555 ni

428 3598 643 3675 fallor,
682 3596 1183 3687 conjecerimus‚
1219 3598 1395 3686 quod
1424 3598 1564 3687 jam
1592 3621 1638 3663 a
1661 3600 1887 3685 priori
1913 3597 2103 3665 nobis
2132 3596 2486 3665 verisimile
2511 3596 2605 3665 vi-

429 3728 578 3775 sum
612 3712 773 3782 erat,
809 3704 1027 3773 omnia
1066 3704 1276 3773 futuri
1302 3706 1539 3795 passivi
1566 3704 1909 3795 partieipia
1939 3726 1976 3771 e
2005 3704 2389 3772 nominibus
2415 3704 2606 3772 aetio-

432 3814 536 3880 nis
579 3819 720 3881 orta
763 3833 929 3881 esse.
979 3811 1144 3899 Ergo
1176 3811 1255 3878 de
1296 3812 1503 3880 futuri
1537 3832 1738 3879 sensu
1768 3810 1836 3877 in
1874 3810 1957 3877 iis
1986 3830 2119 3876 non
2145 3816 2294 3878 ante
2315 3810 2607 3897 judican-

428 3918 590 3986 dum
624 3924 724 3986 est
764 3940 963 4007 quam
1011 3917 1596 4006 introspexerimus
1626 3940 1710 3985 an
1744 3939 1876 3985 non
1914 3918 2181 3985 nomina
2216 3916 2492 3985 aetionis
2523 3915 2604 3982 ad

429 4026 730 4093 futurum
779 4023 1278 4115 exprimendum
1330 4025 1539 4115 magis
1591 4046 1790 4115 quam
1843 4024 2112 4092 nomina
2162 4024 2411 4111 agentis
2454 4029 2602 4112 apta

430 4133 701 4202 fuerin-t.

457 4312 463 4319 ,
516 4241 739 4315 'Unum
769 4237 1198 4331 ‚participium
1242 4238 1463 4307 futuri.
1488 4261 1932 4329 seposueram,
1979 4237 2260 4306 latinum
2289 4236 2359 4311 in
2395 4243 2604 4335 turufs

441 4348 767 4438 desinens,
784 4369 882 4415 ex.
900 4368 1125 4432 eausa,
1155 4349 1489 4417 datura-s,
1506 4349 1748 4416 Thema
1773 4350 2049 4415 daturu-
2069 4368 2106 4415 e
2127 4344 2394 4413 nomine
2413 4364 2606 4431 agen-
