<?xml version="1.0" encoding="UTF-8"?>
<!DOCTYPE html PUBLIC "-//W3C//DTD XHTML 1.0 Transitional//EN"
    "http://www.w3.org/TR/xhtml1/DTD/xhtml1-transitional.dtd">
<html xmlns="http://www.w3.org/1999/xhtml" xml:lang="en" lang="en">
 <head>
  <title>
</title>
<meta http-equiv="Content-Type" content="text/html;charset=utf-8" />
  <meta name='ocr-system' content='tesseract 3.04.00' />
  <meta name='ocr-capabilities' content='ocr_page ocr_carea ocr_par ocr_line ocrx_word'/>
</head>
<body>
  <div class='ocr_page' id='page_1' title='image "./deconjunctiviet00berggoog_0070.png"; bbox 0 0 3234 5150; ppageno 0'>
   <div class='ocr_carea' id='block_1_1' title="bbox 1611 489 1910 546">
    <p class='ocr_par' dir='ltr' id='par_1_1' title="bbox 1611 489 1910 546">
     <span class='ocr_line' id='line_1_1' title="bbox 1611 489 1910 546; baseline -0.017 -13"><span class='ocrx_word' id='word_1_1' title='bbox 1611 489 1910 546; x_wconf 75' lang='lat'>...54....</span> 
     </span>
    </p>
   </div>
   <div class='ocr_carea' id='block_1_2' title="bbox 569 612 2851 3300">
    <p class='ocr_par' dir='ltr' id='par_1_2' title="bbox 647 612 2851 2434">
     <span class='ocr_line' id='line_1_2' title="bbox 653 612 2850 705; baseline 0 -23"><span class='ocrx_word' id='word_1_2' title='bbox 653 613 822 694; x_wconf 85' lang='lat' dir='ltr'>trice</span> <span class='ocrx_word' id='word_1_3' title='bbox 851 621 1216 705; x_wconf 87' lang='lat' dir='ltr'>usurpatus</span> <span class='ocrx_word' id='word_1_4' title='bbox 1249 620 1374 695; x_wconf 82' lang='lat' dir='ltr'>est,</span> <span class='ocrx_word' id='word_1_5' title='bbox 1408 612 1747 682; x_wconf 85' lang='lat' dir='ltr'>auxiliaris</span> <span class='ocrx_word' id='word_1_6' title='bbox 1772 612 1966 682; x_wconf 91' lang='lat' dir='ltr'>modo</span> <span class='ocrx_word' id='word_1_7' title='bbox 1992 634 2146 682; x_wconf 90' lang='lat' dir='ltr'>cum</span> <span class='ocrx_word' id='word_1_8' title='bbox 2172 612 2390 684; x_wconf 80' lang='lat' dir='ltr'><strong>radice</strong></span> <span class='ocrx_word' id='word_1_9' title='bbox 2421 617 2535 682; x_wconf 87' lang='lat' dir='ltr'>aut</span> <span class='ocrx_word' id='word_1_10' title='bbox 2562 615 2850 685; x_wconf 79' lang='lat' dir='ltr'>themate</span> 
     </span>
     <span class='ocr_line' id='line_1_3' title="bbox 661 721 2849 813; baseline -0.003 -19"><span class='ocrx_word' id='word_1_11' title='bbox 661 721 909 794; x_wconf 86' lang='lat' dir='ltr'>verbali</span> <span class='ocrx_word' id='word_1_12' title='bbox 939 722 1378 813; x_wconf 88' lang='lat' dir='ltr'>compositum</span> <span class='ocrx_word' id='word_1_13' title='bbox 1401 774 1417 801; x_wconf 93' lang='lat'>,</span> <span class='ocrx_word' id='word_1_14' title='bbox 1451 722 1816 812; x_wconf 89' lang='lat' dir='ltr'>optativum</span> <span class='ocrx_word' id='word_1_15' title='bbox 1846 721 2163 801; x_wconf 83' lang='lat' dir='ltr'>effecisse,</span> <span class='ocrx_word' id='word_1_16' title='bbox 2212 721 2399 791; x_wconf 92' lang='lat' dir='ltr'>nullo</span> <span class='ocrx_word' id='word_1_17' title='bbox 2439 727 2628 813; x_wconf 89' lang='lat' dir='ltr'>pacto</span> <span class='ocrx_word' id='word_1_18' title='bbox 2658 721 2849 790; x_wconf 87' lang='lat' dir='ltr'>intel-</span> 
     </span>
     <span class='ocr_line' id='line_1_4' title="bbox 659 827 2848 924; baseline -0.002 -24"><span class='ocrx_word' id='word_1_19' title='bbox 659 829 861 924; x_wconf 82' lang='lat' dir='ltr'>ligere</span> <span class='ocrx_word' id='word_1_20' title='bbox 917 850 1108 919; x_wconf 89' lang='lat' dir='ltr'>queo.</span> <span class='ocrx_word' id='word_1_21' title='bbox 1161 830 1297 898; x_wconf 90' lang='lat' dir='ltr'>Imo</span> <span class='ocrx_word' id='word_1_22' title='bbox 1347 829 1651 898; x_wconf 88' lang='lat' dir='ltr'>Benfeius</span> <span class='ocrx_word' id='word_1_23' title='bbox 1703 851 1835 899; x_wconf 90' lang='lat' dir='ltr'>non</span> <span class='ocrx_word' id='word_1_24' title='bbox 1881 835 2092 920; x_wconf 88' lang='lat' dir='ltr'>potest</span> <span class='ocrx_word' id='word_1_25' title='bbox 2143 829 2570 920; x_wconf 70' lang='lat' dir='ltr'>non‚fingere</span> <span class='ocrx_word' id='word_1_26' title='bbox 2621 828 2691 898; x_wconf 93' lang='lat' dir='ltr'>in</span> <span class='ocrx_word' id='word_1_27' title='bbox 2733 827 2848 897; x_wconf 88' lang='lat' dir='ltr'>illo</span> 
     </span>
     <span class='ocr_line' id='line_1_5' title="bbox 654 936 2847 1030; baseline 0 -24"><span class='ocrx_word' id='word_1_28' title='bbox 654 937 1061 1009; x_wconf 82' lang='lat' dir='ltr'>informandi</span> <span class='ocrx_word' id='word_1_29' title='bbox 1102 936 1370 1030; x_wconf 89' lang='lat' dir='ltr'>optativi</span> <span class='ocrx_word' id='word_1_30' title='bbox 1418 936 1705 1008; x_wconf 85' lang='lat' dir='ltr'>maxime</span> <span class='ocrx_word' id='word_1_31' title='bbox 1755 937 2111 1028; x_wconf 86' lang='lat' dir='ltr'>longinquo</span> <span class='ocrx_word' id='word_1_32' title='bbox 2163 943 2482 1029; x_wconf 89' lang='lat' dir='ltr'>tempore,</span> <span class='ocrx_word' id='word_1_33' title='bbox 2539 937 2847 1007; x_wconf 89' lang='lat' dir='ltr'>eumdem</span> 
     </span>
     <span class='ocr_line' id='line_1_6' title="bbox 657 1045 2851 1136; baseline 0.001 -23"><span class='ocrx_word' id='word_1_34' title='bbox 657 1045 1058 1117; x_wconf 83' lang='lat' dir='ltr'>intensivum</span> <span class='ocrx_word' id='word_1_35' title='bbox 1118 1060 1167 1126; x_wconf 82' lang='grc' dir='ltr'>ῖ,</span> <span class='ocrx_word' id='word_1_36' title='bbox 1236 1045 1477 1116; x_wconf 80' lang='lat' dir='ltr'>radicis</span> <span class='ocrx_word' id='word_1_37' title='bbox 1516 1045 1727 1115; x_wconf 89' lang='lat' dir='ltr'>instar</span> <span class='ocrx_word' id='word_1_38' title='bbox 1768 1052 1834 1115; x_wconf 90' lang='lat' dir='ltr'>et</span> <span class='ocrx_word' id='word_1_39' title='bbox 1886 1045 2097 1115; x_wconf 89' lang='lat' dir='ltr'>abusu</span> <span class='ocrx_word' id='word_1_40' title='bbox 2141 1045 2464 1136; x_wconf 89' lang='lat' dir='ltr'>quodam,</span> <span class='ocrx_word' id='word_1_41' title='bbox 2524 1046 2758 1114; x_wconf 84' lang='lat' dir='ltr'>suffixa</span> <span class='ocrx_word' id='word_1_42' title='bbox 2806 1069 2851 1116; x_wconf 84' lang='lat' dir='ltr'><strong><em>a</em></strong></span> 
     </span>
     <span class='ocr_line' id='line_1_7' title="bbox 659 1152 2851 1245; baseline -0.001 -21"><span class='ocrx_word' id='word_1_43' title='bbox 659 1159 854 1224; x_wconf 83' lang='lat' dir='ltr'>sextee</span> <span class='ocrx_word' id='word_1_44' title='bbox 883 1152 1116 1225; x_wconf 87' lang='lat' dir='ltr'>classis</span> <span class='ocrx_word' id='word_1_45' title='bbox 1154 1160 1426 1222; x_wconf 86' lang='lat' dir='ltr'>auctum</span> <span class='ocrx_word' id='word_1_46' title='bbox 1457 1175 1623 1223; x_wconf 88' lang='lat' dir='ltr'>esse.</span> <span class='ocrx_word' id='word_1_47' title='bbox 1670 1152 1782 1222; x_wconf 86' lang='lat' dir='ltr'>His</span> <span class='ocrx_word' id='word_1_48' title='bbox 1821 1153 1903 1222; x_wconf 89' lang='lat' dir='ltr'>de</span> <span class='ocrx_word' id='word_1_49' title='bbox 1932 1153 2151 1223; x_wconf 88' lang='lat' dir='ltr'>causis</span> <span class='ocrx_word' id='word_1_50' title='bbox 2182 1153 2544 1222; x_wconf 84' lang='lat' dir='ltr'>doctissimi</span> <span class='ocrx_word' id='word_1_51' title='bbox 2583 1153 2851 1245; x_wconf 87' lang='lat' dir='ltr'>scripto-</span> 
     </span>
     <span class='ocr_line' id='line_1_8' title="bbox 657 1261 2842 1354; baseline -0 -23"><span class='ocrx_word' id='word_1_52' title='bbox 657 1261 751 1331; x_wconf 89' lang='lat' dir='ltr'>ris</span> <span class='ocrx_word' id='word_1_53' title='bbox 803 1265 945 1354; x_wconf 51' lang='lat' dir='ltr'>,iam</span> <span class='ocrx_word' id='word_1_54' title='bbox 999 1261 1295 1352; x_wconf 89' lang='lat' dir='ltr'>quinque</span> <span class='ocrx_word' id='word_1_55' title='bbox 1343 1261 1582 1330; x_wconf 82' lang='lat' dir='ltr'>abhinc</span> <span class='ocrx_word' id='word_1_56' title='bbox 1639 1284 1848 1331; x_wconf 88' lang='lat' dir='ltr'>annos</span> <span class='ocrx_word' id='word_1_57' title='bbox 1901 1263 2139 1352; x_wconf 84' lang='lat' dir='ltr'>(Revue</span> <span class='ocrx_word' id='word_1_58' title='bbox 2181 1263 2483 1352; x_wconf 82' lang='lat' dir='ltr'>critique,</span> <span class='ocrx_word' id='word_1_59' title='bbox 2544 1262 2741 1342; x_wconf 81' lang='lat'>1872,</span> <span class='ocrx_word' id='word_1_60' title='bbox 2794 1261 2842 1340; x_wconf 88' lang='lat'>1,</span> 
     </span>
     <span class='ocr_line' id='line_1_9' title="bbox 657 1368 2847 1463; baseline -0 -25"><span class='ocrx_word' id='word_1_61' title='bbox 657 1393 723 1463; x_wconf 88' lang='lat' dir='ltr'>p.</span> <span class='ocrx_word' id='word_1_62' title='bbox 758 1371 941 1460; x_wconf 81' lang='lat'>194),</span> <span class='ocrx_word' id='word_1_63' title='bbox 976 1369 1354 1462; x_wconf 87' lang='lat' dir='ltr'>opinionem</span> <span class='ocrx_word' id='word_1_64' title='bbox 1403 1369 1810 1460; x_wconf 80' lang='lat' dir='ltr'>impugnavi,</span> <span class='ocrx_word' id='word_1_65' title='bbox 1855 1371 1965 1439; x_wconf 93' lang='lat' dir='ltr'>cui</span> <span class='ocrx_word' id='word_1_66' title='bbox 2004 1369 2267 1440; x_wconf 87' lang='lat' dir='ltr'>Curtius</span> <span class='ocrx_word' id='word_1_67' title='bbox 2298 1370 2433 1439; x_wconf 84' lang='lat' dir='ltr'>fere</span> <span class='ocrx_word' id='word_1_68' title='bbox 2463 1368 2693 1439; x_wconf 89' lang='lat' dir='ltr'>eadem</span> <span class='ocrx_word' id='word_1_69' title='bbox 2732 1368 2847 1438; x_wconf 87' lang='lat' dir='ltr'>ob-</span> 
     </span>
     <span class='ocr_line' id='line_1_10' title="bbox 647 1478 2844 1572; baseline -0.001 -23"><span class='ocrx_word' id='word_1_70' title='bbox 647 1479 796 1572; x_wconf 85' lang='lat' dir='ltr'>jicit</span> <span class='ocrx_word' id='word_1_71' title='bbox 823 1479 894 1548; x_wconf 93' lang='lat' dir='ltr'>in</span> <span class='ocrx_word' id='word_1_72' title='bbox 920 1479 1090 1547; x_wconf 90' lang='lat' dir='ltr'>libro</span> <span class='ocrx_word' id='word_1_73' title='bbox 1110 1480 1244 1546; x_wconf 80' lang='lat' dir='ltr'>Das</span> <span class='ocrx_word' id='word_1_74' title='bbox 1268 1479 1545 1547; x_wconf 84' lang='lat' dir='ltr'>Verbum</span> <span class='ocrx_word' id='word_1_75' title='bbox 1573 1481 1692 1546; x_wconf 84' lang='lat' dir='ltr'>der</span> <span class='ocrx_word' id='word_1_76' title='bbox 1714 1481 2161 1570; x_wconf 72' lang='lat' dir='ltr'>qriechischen</span> <span class='ocrx_word' id='word_1_77' title='bbox 2186 1481 2477 1568; x_wconf 81' lang='lat' dir='ltr'>Sprache</span> <span class='ocrx_word' id='word_1_78' title='bbox 2504 1478 2844 1570; x_wconf 82' lang='lat' dir='ltr'>inscriptO,</span> 
     </span>
     <span class='ocr_line' id='line_1_11' title="bbox 652 1586 2841 1678; baseline -0.001 -20"><span class='ocrx_word' id='word_1_79' title='bbox 652 1588 727 1666; x_wconf 91' lang='lat' dir='ltr'>Il,</span> <span class='ocrx_word' id='word_1_80' title='bbox 777 1610 843 1678; x_wconf 90' lang='lat' dir='ltr'>p.</span> <span class='ocrx_word' id='word_1_81' title='bbox 900 1587 1047 1656; x_wconf 80' lang='lat'><strong>78¹.</strong></span> <span class='ocrx_word' id='word_1_82' title='bbox 1107 1586 1181 1654; x_wconf 90' lang='lat' dir='ltr'>In</span> <span class='ocrx_word' id='word_1_83' title='bbox 1217 1608 1294 1656; x_wconf 91' lang='lat' dir='ltr'>eo</span> <span class='ocrx_word' id='word_1_84' title='bbox 1341 1592 1601 1656; x_wconf 88' lang='lat' dir='ltr'>tantum</span> <span class='ocrx_word' id='word_1_85' title='bbox 1638 1586 1899 1656; x_wconf 87' lang='lat' dir='ltr'>Benfeio</span> <span class='ocrx_word' id='word_1_86' title='bbox 1935 1609 2111 1656; x_wconf 91' lang='lat' dir='ltr'>nunc</span> <span class='ocrx_word' id='word_1_87' title='bbox 2158 1586 2422 1657; x_wconf 89' lang='lat' dir='ltr'>Curtius</span> <span class='ocrx_word' id='word_1_88' title='bbox 2462 1587 2841 1666; x_wconf 79' lang='lat' dir='ltr'>assentitur,</span> 
     </span>
     <span class='ocr_line' id='line_1_12' title="bbox 657 1693 2849 1787; baseline 0.001 -24"><span class='ocrx_word' id='word_1_89' title='bbox 657 1695 831 1787; x_wconf 91' lang='lat' dir='ltr'>quod</span> <span class='ocrx_word' id='word_1_90' title='bbox 865 1693 1134 1786; x_wconf 86' lang='lat' dir='ltr'>optativi</span> <span class='ocrx_word' id='word_1_91' title='bbox 1169 1696 1416 1764; x_wconf 86' lang='lat' dir='ltr'>formas</span> <span class='ocrx_word' id='word_1_92' title='bbox 1447 1695 1516 1763; x_wconf 91' lang='lat' dir='ltr'>in</span> <span class='ocrx_word' id='word_1_93' title='bbox 1539 1695 1782 1786; x_wconf 88' lang='lat' dir='ltr'>quibus</span> <span class='ocrx_word' id='word_1_94' title='bbox 1820 1695 2126 1766; x_wconf 89' lang='lat' dir='ltr'>elementi</span> <span class='ocrx_word' id='word_1_95' title='bbox 2156 1718 2241 1785; x_wconf 80' lang='lat' dir='ltr'>ya</span> <span class='ocrx_word' id='word_1_96' title='bbox 2264 1696 2507 1766; x_wconf 87' lang='lat' dir='ltr'>vocalis</span> <span class='ocrx_word' id='word_1_97' title='bbox 2526 1694 2720 1786; x_wconf 85' lang='lat' dir='ltr'>longa</span> <span class='ocrx_word' id='word_1_98' title='bbox 2750 1701 2849 1765; x_wconf 87' lang='lat' dir='ltr'>est</span> 
     </span>
     <span class='ocr_line' id='line_1_13' title="bbox 653 1802 2846 1874; baseline 0.001 -2"><span class='ocrx_word' id='word_1_99' title='bbox 653 1825 689 1872; x_wconf 93' lang='lat' dir='ltr'>a</span> <span class='ocrx_word' id='word_1_100' title='bbox 729 1802 964 1872; x_wconf 86' lang='lat' dir='ltr'>formis</span> <span class='ocrx_word' id='word_1_101' title='bbox 995 1804 1295 1874; x_wconf 86' lang='lat' dir='ltr'>eamdem</span> <span class='ocrx_word' id='word_1_102' title='bbox 1327 1805 1622 1873; x_wconf 85' lang='lat' dir='ltr'>vocalem</span> <span class='ocrx_word' id='word_1_103' title='bbox 1649 1806 1914 1874; x_wconf 89' lang='lat' dir='ltr'>brevem</span> <span class='ocrx_word' id='word_1_104' title='bbox 1950 1804 2408 1874; x_wconf 85' lang='lat' dir='ltr'>exhibentibus</span> <span class='ocrx_word' id='word_1_105' title='bbox 2444 1805 2532 1874; x_wconf 87' lang='lat' dir='ltr'>ita</span> <span class='ocrx_word' id='word_1_106' title='bbox 2567 1805 2846 1874; x_wconf 87' lang='lat' dir='ltr'>derivari</span> 
     </span>
     <span class='ocr_line' id='line_1_14' title="bbox 653 1911 2847 2003; baseline 0.001 -23"><span class='ocrx_word' id='word_1_107' title='bbox 653 1911 945 2003; x_wconf 88' lang='lat' dir='ltr'>potuisse</span> <span class='ocrx_word' id='word_1_108' title='bbox 991 1911 1347 1991; x_wconf 88' lang='lat' dir='ltr'>existimat,</span> <span class='ocrx_word' id='word_1_109' title='bbox 1407 1917 1482 1980; x_wconf 93' lang='lat' dir='ltr'>ut</span> <span class='ocrx_word' id='word_1_110' title='bbox 1533 1913 1613 1981; x_wconf 90' lang='lat' dir='ltr'>ab</span> <span class='ocrx_word' id='word_1_111' title='bbox 1654 1912 2008 1982; x_wconf 88' lang='lat' dir='ltr'>indicativo</span> <span class='ocrx_word' id='word_1_112' title='bbox 2056 1914 2350 1981; x_wconf 77' lang='lat' dir='ltr'>bhdra-ti</span> <span class='ocrx_word' id='word_1_113' title='bbox 2388 1912 2847 2003; x_wconf 86' lang='lat' dir='ltr'>conjunctivus</span> 
     </span>
     <span class='ocr_line' id='line_1_15' title="bbox 657 2019 2851 2112; baseline 0.001 -24"><span class='ocrx_word' id='word_1_114' title='bbox 657 2022 953 2088; x_wconf 75' lang='lat' dir='ltr'>bhctrc‘z-ti</span> <span class='ocrx_word' id='word_1_115' title='bbox 984 2026 1084 2089; x_wconf 89' lang='lat' dir='ltr'>est</span> <span class='ocrx_word' id='word_1_116' title='bbox 1127 2019 1461 2089; x_wconf 89' lang='lat' dir='ltr'>derivatus</span> <span class='ocrx_word' id='word_1_117' title='bbox 1493 2021 1620 2110; x_wconf 84' lang='lat' dir='ltr'>(loc</span> <span class='ocrx_word' id='word_1_118' title='bbox 1656 2023 1798 2101; x_wconf 63' lang='lat' dir='ltr'>cit„</span> <span class='ocrx_word' id='word_1_119' title='bbox 1833 2044 1898 2112; x_wconf 92' lang='lat' dir='ltr'>p.</span> <span class='ocrx_word' id='word_1_120' title='bbox 1949 2021 2085 2110; x_wconf 88' lang='grc'><strong>79).</strong></span> <span class='ocrx_word' id='word_1_121' title='bbox 2140 2020 2310 2089; x_wconf 93' lang='lat' dir='ltr'>Illud</span> <span class='ocrx_word' id='word_1_122' title='bbox 2350 2027 2571 2090; x_wconf 88' lang='lat' dir='ltr'>autem</span> <span class='ocrx_word' id='word_1_123' title='bbox 2611 2045 2698 2111; x_wconf 80' lang='lat' dir='ltr'>ya</span> <span class='ocrx_word' id='word_1_124' title='bbox 2733 2044 2851 2112; x_wconf 91' lang='lat' dir='ltr'>per</span> 
     </span>
     <span class='ocr_line' id='line_1_16' title="bbox 660 2126 2845 2221; baseline 0 -24"><span class='ocrx_word' id='word_1_125' title='bbox 660 2126 1175 2197; x_wconf 84' lang='lat' dir='ltr'>contractionem</span> <span class='ocrx_word' id='word_1_126' title='bbox 1226 2127 1296 2195; x_wconf 93' lang='lat' dir='ltr'>in</span> <span class='ocrx_word' id='word_1_127' title='bbox 1332 2127 1566 2196; x_wconf 87' lang='lat' dir='ltr'>formis</span> <span class='ocrx_word' id='word_1_128' title='bbox 1608 2133 1683 2195; x_wconf 89' lang='lat' dir='ltr'>ut</span> <span class='ocrx_word' id='word_1_129' title='bbox 1724 2129 2201 2209; x_wconf 71' lang='lat' dir='ltr'>dddh-i-mahi,</span> <span class='ocrx_word' id='word_1_130' title='bbox 2243 2130 2681 2209; x_wconf 79' lang='lat' dir='ltr'>bhdre-mahi,</span> <span class='ocrx_word' id='word_1_131' title='bbox 2733 2150 2845 2221; x_wconf 89' lang='lat' dir='ltr'>po-</span> 
     </span>
     <span class='ocr_line' id='line_1_17' title="bbox 652 2234 2849 2327; baseline 0 -21"><span class='ocrx_word' id='word_1_132' title='bbox 652 2236 867 2307; x_wconf 86' lang='lat' dir='ltr'>tuisse</span> <span class='ocrx_word' id='word_1_133' title='bbox 920 2235 1063 2303; x_wconf 87' lang='lat' dir='ltr'>fieri</span> <span class='ocrx_word' id='word_1_134' title='bbox 1116 2249 1166 2315; x_wconf 79' lang='grc' dir='ltr'>ῖ,</span> <span class='ocrx_word' id='word_1_135' title='bbox 1231 2241 1455 2304; x_wconf 90' lang='lat' dir='ltr'>contra</span> <span class='ocrx_word' id='word_1_136' title='bbox 1486 2234 1733 2304; x_wconf 87' lang='lat' dir='ltr'>Benfeii</span> <span class='ocrx_word' id='word_1_137' title='bbox 1780 2235 2174 2304; x_wconf 90' lang='lat' dir='ltr'>sententiam</span> <span class='ocrx_word' id='word_1_138' title='bbox 2214 2235 2446 2304; x_wconf 88' lang='lat' dir='ltr'>asserit</span> <span class='ocrx_word' id='word_1_139' title='bbox 2476 2237 2569 2327; x_wconf 87' lang='lat' dir='ltr'>(p.</span> <span class='ocrx_word' id='word_1_140' title='bbox 2612 2237 2748 2326; x_wconf 88' lang='lat'><strong>81),</strong></span> <span class='ocrx_word' id='word_1_141' title='bbox 2783 2243 2849 2306; x_wconf 89' lang='lat' dir='ltr'>et</span> 
     </span>
     <span class='ocr_line' id='line_1_18' title="bbox 656 2341 2348 2434; baseline -0.002 -20"><span class='ocrx_word' id='word_1_142' title='bbox 656 2345 839 2414; x_wconf 89' lang='lat' dir='ltr'>idem</span> <span class='ocrx_word' id='word_1_143' title='bbox 871 2342 954 2410; x_wconf 93' lang='lat' dir='ltr'>ad</span> <span class='ocrx_word' id='word_1_144' title='bbox 984 2341 1274 2412; x_wconf 87' lang='lat' dir='ltr'>radicem</span> <span class='ocrx_word' id='word_1_145' title='bbox 1304 2366 1390 2433; x_wconf 78' lang='lat' dir='ltr'>ya</span> <span class='ocrx_word' id='word_1_146' title='bbox 1426 2365 1450 2399; x_wconf 75' lang='grc' dir='ltr'><strong>α</strong></span> <span class='ocrx_word' id='word_1_147' title='bbox 1488 2342 1584 2412; x_wconf 88' lang='lat' dir='ltr'>ire</span> <span class='ocrx_word' id='word_1_148' title='bbox 1608 2368 1643 2407; x_wconf 87' lang='lat'>»</span> <span class='ocrx_word' id='word_1_149' title='bbox 1686 2342 1931 2412; x_wconf 86' lang='lat' dir='ltr'>referre</span> <span class='ocrx_word' id='word_1_150' title='bbox 1956 2349 2348 2434; x_wconf 85' lang='lat' dir='ltr'>perseverat.</span> 
     </span>
    </p>

    <p class='ocr_par' dir='ltr' id='par_1_3' title="bbox 569 2450 2850 3300">
     <span class='ocr_line' id='line_1_19' title="bbox 741 2450 2846 2543; baseline -0.001 -22"><span class='ocrx_word' id='word_1_151' title='bbox 741 2453 824 2522; x_wconf 90' lang='lat' dir='ltr'>De</span> <span class='ocrx_word' id='word_1_152' title='bbox 866 2450 1342 2542; x_wconf 84' lang='lat' dir='ltr'>compositione</span> <span class='ocrx_word' id='word_1_153' title='bbox 1386 2450 1634 2520; x_wconf 90' lang='lat' dir='ltr'>verbali</span> <span class='ocrx_word' id='word_1_154' title='bbox 1680 2450 1751 2518; x_wconf 93' lang='lat' dir='ltr'>in</span> <span class='ocrx_word' id='word_1_155' title='bbox 1788 2451 2173 2520; x_wconf 86' lang='lat' dir='ltr'>universum</span> <span class='ocrx_word' id='word_1_156' title='bbox 2224 2473 2427 2542; x_wconf 87' lang='lat' dir='ltr'>supra</span> <span class='ocrx_word' id='word_1_157' title='bbox 2459 2452 2627 2543; x_wconf 87' lang='lat' dir='ltr'>(cap.</span> <span class='ocrx_word' id='word_1_158' title='bbox 2660 2453 2735 2536; x_wconf 92' lang='grc' dir='ltr'>Π,</span> <span class='ocrx_word' id='word_1_159' title='bbox 2767 2451 2846 2543; x_wconf 89' lang='grc' dir='ltr'>Α)</span> 
     </span>
     <span class='ocr_line' id='line_1_20' title="bbox 658 2553 2850 2651; baseline -0 -21"><span class='ocrx_word' id='word_1_160' title='bbox 658 2553 846 2631; x_wconf 84' lang='lat' dir='ltr'>nisus</span> <span class='ocrx_word' id='word_1_161' title='bbox 886 2583 1034 2630; x_wconf 90' lang='lat' dir='ltr'>sum</span> <span class='ocrx_word' id='word_1_162' title='bbox 1068 2559 1549 2630; x_wconf 83' lang='lat' dir='ltr'>dubitationem</span> <span class='ocrx_word' id='word_1_163' title='bbox 1580 2559 1811 2629; x_wconf 90' lang='lat' dir='ltr'>lectori</span> <span class='ocrx_word' id='word_1_164' title='bbox 1834 2559 2132 2651; x_wconf 87' lang='lat' dir='ltr'>injicere,</span> <span class='ocrx_word' id='word_1_165' title='bbox 2174 2568 2239 2629; x_wconf 91' lang='lat' dir='ltr'>et</span> <span class='ocrx_word' id='word_1_166' title='bbox 2274 2584 2421 2651; x_wconf 84' lang='lat' dir='ltr'>quae</span> <span class='ocrx_word' id='word_1_167' title='bbox 2462 2559 2533 2628; x_wconf 93' lang='lat' dir='ltr'>in</span> <span class='ocrx_word' id='word_1_168' title='bbox 2571 2560 2688 2631; x_wconf 89' lang='lat' dir='ltr'>illa</span> <span class='ocrx_word' id='word_1_169' title='bbox 2717 2559 2850 2630; x_wconf 88' lang='lat' dir='ltr'>dis-</span> 
     </span>
     <span class='ocr_line' id='line_1_21' title="bbox 658 2668 2848 2761; baseline 0.001 -24"><span class='ocrx_word' id='word_1_170' title='bbox 658 2670 997 2761; x_wconf 90' lang='lat' dir='ltr'>putatione</span> <span class='ocrx_word' id='word_1_171' title='bbox 1029 2668 1222 2737; x_wconf 88' lang='lat' dir='ltr'>attuli</span> <span class='ocrx_word' id='word_1_172' title='bbox 1255 2674 1667 2757; x_wconf 87' lang='lat' dir='ltr'>argumenta,</span> <span class='ocrx_word' id='word_1_173' title='bbox 1700 2690 1834 2736; x_wconf 90' lang='lat' dir='ltr'>non</span> <span class='ocrx_word' id='word_1_174' title='bbox 1875 2675 2102 2737; x_wconf 87' lang='lat' dir='ltr'>contra</span> <span class='ocrx_word' id='word_1_175' title='bbox 2131 2669 2375 2738; x_wconf 87' lang='lat' dir='ltr'>Benfeii</span> <span class='ocrx_word' id='word_1_176' title='bbox 2416 2676 2702 2750; x_wconf 82' lang='lat' dir='ltr'>tantum,</span> <span class='ocrx_word' id='word_1_177' title='bbox 2734 2670 2848 2739; x_wconf 89' lang='lat' dir='ltr'>sed</span> 
     </span>
     <span class='ocr_line' id='line_1_22' title="bbox 662 2774 2849 2867; baseline 0.001 -22"><span class='ocrx_word' id='word_1_178' title='bbox 662 2776 864 2845; x_wconf 87' lang='lat' dir='ltr'>etiam</span> <span class='ocrx_word' id='word_1_179' title='bbox 913 2782 1142 2845; x_wconf 84' lang='lat' dir='ltr'>contra</span> <span class='ocrx_word' id='word_1_180' title='bbox 1189 2775 1394 2845; x_wconf 90' lang='lat' dir='ltr'>Curtii</span> <span class='ocrx_word' id='word_1_181' title='bbox 1433 2775 1827 2844; x_wconf 84' lang='lat' dir='ltr'>sententiam</span> <span class='ocrx_word' id='word_1_182' title='bbox 1860 2775 2097 2845; x_wconf 83' lang='lat' dir='ltr'>iterare</span> <span class='ocrx_word' id='word_1_183' title='bbox 2143 2774 2417 2867; x_wconf 88' lang='lat' dir='ltr'>possim.</span> <span class='ocrx_word' id='word_1_184' title='bbox 2464 2780 2625 2857; x_wconf 90' lang='lat' dir='ltr'>1m0,</span> <span class='ocrx_word' id='word_1_185' title='bbox 2692 2800 2849 2847; x_wconf 88' lang='lat' dir='ltr'>nus-</span> 
     </span>
     <span class='ocr_line' id='line_1_23' title="bbox 654 2881 2848 2976; baseline 0.001 -24"><span class='ocrx_word' id='word_1_186' title='bbox 654 2905 854 2975; x_wconf 89' lang='lat' dir='ltr'>quam</span> <span class='ocrx_word' id='word_1_187' title='bbox 895 2882 1199 2952; x_wconf 84' lang='lat' dir='ltr'>inutilior</span> <span class='ocrx_word' id='word_1_188' title='bbox 1237 2882 1363 2951; x_wconf 88' lang='lat' dir='ltr'>fuit</span> <span class='ocrx_word' id='word_1_189' title='bbox 1404 2881 1581 2951; x_wconf 89' lang='lat' dir='ltr'>fictio</span> <span class='ocrx_word' id='word_1_190' title='bbox 1621 2883 2145 2974; x_wconf 81' lang='lat' dir='ltr'>compositioniS,</span> <span class='ocrx_word' id='word_1_191' title='bbox 2188 2906 2387 2973; x_wconf 89' lang='lat' dir='ltr'>quam</span> <span class='ocrx_word' id='word_1_192' title='bbox 2430 2885 2502 2953; x_wconf 89' lang='lat' dir='ltr'>in</span> <span class='ocrx_word' id='word_1_193' title='bbox 2535 2884 2848 2976; x_wconf 87' lang='lat' dir='ltr'>interpre-</span> 
     </span>
     <span class='ocr_line' id='line_1_24' title="bbox 653 2991 2847 3084; baseline 0 -21"><span class='ocrx_word' id='word_1_194' title='bbox 653 2992 901 3063; x_wconf 77' lang='lat' dir='ltr'>tatione</span> <span class='ocrx_word' id='word_1_195' title='bbox 948 2992 1257 3061; x_wconf 88' lang='lat' dir='ltr'>elementi</span> <span class='ocrx_word' id='word_1_196' title='bbox 1301 3016 1411 3081; x_wconf 78' lang='lat' dir='ltr'>ya‚</span> <span class='ocrx_word' id='word_1_197' title='bbox 1461 2991 1710 3061; x_wconf 84' lang='lat' dir='ltr'>suffixae</span> <span class='ocrx_word' id='word_1_198' title='bbox 1759 2992 2099 3084; x_wconf 83' lang='lat' dir='ltr'>particulae</span> <span class='ocrx_word' id='word_1_199' title='bbox 2146 2992 2387 3062; x_wconf 87' lang='lat' dir='ltr'>similis</span> <span class='ocrx_word' id='word_1_200' title='bbox 2430 3015 2573 3083; x_wconf 87' lang='lat' dir='ltr'>quae</span> <span class='ocrx_word' id='word_1_201' title='bbox 2626 2994 2847 3084; x_wconf 86' lang='lat' dir='ltr'>saepis·-</span> 
     </span>
     <span class='ocr_line' id='line_1_25' title="bbox 657 3100 2847 3194; baseline 0 -24"><span class='ocrx_word' id='word_1_202' title='bbox 657 3102 824 3170; x_wconf 88' lang='lat' dir='ltr'>sime</span> <span class='ocrx_word' id='word_1_203' title='bbox 875 3100 944 3169; x_wconf 91' lang='lat' dir='ltr'>in</span> <span class='ocrx_word' id='word_1_204' title='bbox 1003 3100 1473 3170; x_wconf 88' lang='lat' dir='ltr'>informatione</span> <span class='ocrx_word' id='word_1_205' title='bbox 1536 3102 1902 3169; x_wconf 89' lang='lat' dir='ltr'>thematum</span> <span class='ocrx_word' id='word_1_206' title='bbox 1962 3106 2279 3190; x_wconf 87' lang='lat' dir='ltr'>usurpata</span> <span class='ocrx_word' id='word_1_207' title='bbox 2327 3106 2448 3169; x_wconf 89' lang='lat' dir='ltr'>est.</span> <span class='ocrx_word' id='word_1_208' title='bbox 2504 3101 2580 3171; x_wconf 89' lang='lat' dir='ltr'>Et</span> <span class='ocrx_word' id='word_1_209' title='bbox 2631 3102 2847 3194; x_wconf 87' lang='lat' dir='ltr'>reipsa</span> 
     </span>
     <span class='ocr_line' id='line_1_26' title="bbox 569 3208 2847 3300; baseline 0.001 -22"><span class='ocrx_word' id='word_1_210' title='bbox 569 3236 578 3244; x_wconf 92' lang='lat'><strong>·</strong></span> <span class='ocrx_word' id='word_1_211' title='bbox 659 3209 1106 3289; x_wconf 78' lang='lat' dir='ltr'>Schleichem,</span> <span class='ocrx_word' id='word_1_212' title='bbox 1151 3216 1228 3278; x_wconf 91' lang='lat' dir='ltr'>ut</span> <span class='ocrx_word' id='word_1_213' title='bbox 1257 3208 1508 3278; x_wconf 90' lang='lat' dir='ltr'>dictum</span> <span class='ocrx_word' id='word_1_214' title='bbox 1539 3216 1637 3279; x_wconf 88' lang='lat' dir='ltr'>est</span> <span class='ocrx_word' id='word_1_215' title='bbox 1685 3210 1775 3300; x_wconf 89' lang='lat' dir='ltr'>(p.</span> <span class='ocrx_word' id='word_1_216' title='bbox 1823 3210 1959 3296; x_wconf 78' lang='lat'>20),</span> <span class='ocrx_word' id='word_1_217' title='bbox 2011 3209 2265 3277; x_wconf 89' lang='lat' dir='ltr'>inutilis</span> <span class='ocrx_word' id='word_1_218' title='bbox 2307 3210 2441 3278; x_wconf 87' lang='lat' dir='ltr'>visa</span> <span class='ocrx_word' id='word_1_219' title='bbox 2483 3218 2604 3279; x_wconf 91' lang='lat' dir='ltr'>est.</span> <span class='ocrx_word' id='word_1_220' title='bbox 2643 3212 2847 3290; x_wconf 88' lang='lat' dir='ltr'>Quem</span> 
     </span>
    </p>
   </div>
   <div class='ocr_carea' id='block_1_3' title="bbox 658 3316 2852 3511">
    <p class='ocr_par' dir='ltr' id='par_1_4' title="bbox 658 3316 2852 3511">
     <span class='ocr_line' id='line_1_27' title="bbox 661 3316 2847 3408; baseline 0 -24"><span class='ocrx_word' id='word_1_221' title='bbox 661 3317 956 3385; x_wconf 85' lang='lat' dir='ltr'>Benfeius</span> <span class='ocrx_word' id='word_1_222' title='bbox 1007 3316 1275 3407; x_wconf 88' lang='lat' dir='ltr'>quidem</span> <span class='ocrx_word' id='word_1_223' title='bbox 1315 3318 1468 3408; x_wconf 89' lang='lat' dir='ltr'>jure</span> <span class='ocrx_word' id='word_1_224' title='bbox 1511 3316 1934 3407; x_wconf 87' lang='lat' dir='ltr'>reprehendit</span> <span class='ocrx_word' id='word_1_225' title='bbox 1968 3316 2116 3405; x_wconf 88' lang='lat' dir='ltr'>(loc.</span> <span class='ocrx_word' id='word_1_226' title='bbox 2164 3320 2305 3397; x_wconf 63' lang='lat' dir='ltr'>cit„</span> <span class='ocrx_word' id='word_1_227' title='bbox 2356 3341 2423 3408; x_wconf 89' lang='lat' dir='ltr'>p.</span> <span class='ocrx_word' id='word_1_228' title='bbox 2475 3318 2631 3407; x_wconf 80' lang='lat'>145)</span> <span class='ocrx_word' id='word_1_229' title='bbox 2672 3317 2847 3408; x_wconf 93' lang='lat' dir='ltr'>quod</span> 
     </span>
     <span class='ocr_line' id='line_1_28' title="bbox 658 3420 2852 3511; baseline 0.001 -23"><span class='ocrx_word' id='word_1_230' title='bbox 658 3420 1057 3488; x_wconf 87' lang='lat' dir='ltr'>elementum</span> <span class='ocrx_word' id='word_1_231' title='bbox 1102 3442 1213 3508; x_wconf 77' lang='lat' dir='ltr'>ya,</span> <span class='ocrx_word' id='word_1_232' title='bbox 1265 3430 1338 3486; x_wconf 82' lang='lat' dir='ltr'>ut</span> <span class='ocrx_word' id='word_1_233' title='bbox 1384 3423 1598 3488; x_wconf 80' lang='lat' dir='ltr'>thema</span> <span class='ocrx_word' id='word_1_234' title='bbox 1644 3422 1907 3488; x_wconf 79' lang='lat' dir='ltr'>relativi</span> <span class='ocrx_word' id='word_1_235' title='bbox 1938 3422 2383 3509; x_wconf 76' lang='lat' dir='ltr'>pronomini8‚</span> <span class='ocrx_word' id='word_1_236' title='bbox 2431 3420 2852 3511; x_wconf 80' lang='lat' dir='ltr'>peculiariter·</span> 
     </span>
    </p>
   </div>
   <div class='ocr_carea' id='block_1_4' title="bbox 659 3528 2849 4164">
    <p class='ocr_par' dir='ltr' id='par_1_5' title="bbox 659 3528 2849 4164">
     <span class='ocr_line' id='line_1_29' title="bbox 659 3528 2846 3621; baseline 0.001 -24"><span class='ocrx_word' id='word_1_237' title='bbox 659 3528 1228 3598; x_wconf 84' lang='lat' dir='ltr'>accommodatum</span> <span class='ocrx_word' id='word_1_238' title='bbox 1264 3529 1468 3599; x_wconf 88' lang='lat' dir='ltr'>fuisse</span> <span class='ocrx_word' id='word_1_239' title='bbox 1498 3530 1909 3599; x_wconf 90' lang='lat' dir='ltr'>contenderit</span> <span class='ocrx_word' id='word_1_240' title='bbox 1953 3529 2034 3597; x_wconf 89' lang='lat' dir='ltr'>ad</span> <span class='ocrx_word' id='word_1_241' title='bbox 2076 3529 2570 3599; x_wconf 79' lang='lat' dir='ltr'>informandum</span> <span class='ocrx_word' id='word_1_242' title='bbox 2612 3531 2846 3621; x_wconf 88' lang='lat' dir='ltr'>optati-</span> 
     </span>
     <span class='ocr_line' id='line_1_30' title="bbox 659 3636 2841 3728; baseline 0 -24"><span class='ocrx_word' id='word_1_243' title='bbox 659 3658 842 3716; x_wconf 88' lang='lat' dir='ltr'>vum,</span> <span class='ocrx_word' id='word_1_244' title='bbox 878 3637 1140 3706; x_wconf 88' lang='lat' dir='ltr'>Curtius</span> <span class='ocrx_word' id='word_1_245' title='bbox 1169 3643 1414 3715; x_wconf 90' lang='lat' dir='ltr'>autem,</span> <span class='ocrx_word' id='word_1_246' title='bbox 1446 3636 1969 3727; x_wconf 85' lang='lat' dir='ltr'>repugnantibus</span> <span class='ocrx_word' id='word_1_247' title='bbox 1998 3636 2206 3727; x_wconf 89' lang='lat' dir='ltr'>ipsius</span> <span class='ocrx_word' id='word_1_248' title='bbox 2234 3636 2575 3728; x_wconf 86' lang='lat' dir='ltr'>scriptoris</span> <span class='ocrx_word' id='word_1_249' title='bbox 2603 3637 2841 3718; x_wconf 81' lang='lat' dir='ltr'>verbiS,</span> 
     </span>
     <span class='ocr_line' id='line_1_31' title="bbox 664 3744 2847 3834; baseline 0.001 -21"><span class='ocrx_word' id='word_1_250' title='bbox 664 3765 980 3814; x_wconf 87' lang='lat' dir='ltr'>excusare</span> <span class='ocrx_word' id='word_1_251' title='bbox 1024 3744 1285 3824; x_wconf 86' lang='lat' dir='ltr'>nititur,</span> <span class='ocrx_word' id='word_1_252' title='bbox 1333 3745 1496 3812; x_wconf 89' lang='lat' dir='ltr'>dum</span> <span class='ocrx_word' id='word_1_253' title='bbox 1531 3766 1686 3812; x_wconf 88' lang='lat' dir='ltr'>eum</span> <span class='ocrx_word' id='word_1_254' title='bbox 1724 3744 1913 3834; x_wconf 83' lang='lat' dir='ltr'>fingit</span> <span class='ocrx_word' id='word_1_255' title='bbox 1949 3744 2018 3813; x_wconf 91' lang='lat' dir='ltr'>in</span> <span class='ocrx_word' id='word_1_256' title='bbox 2060 3745 2290 3814; x_wconf 89' lang='lat' dir='ltr'>eodem</span> <span class='ocrx_word' id='word_1_257' title='bbox 2329 3746 2674 3827; x_wconf 86' lang='lat' dir='ltr'>elemento,</span> <span class='ocrx_word' id='word_1_258' title='bbox 2714 3768 2847 3815; x_wconf 91' lang='lat' dir='ltr'>non</span> 
     </span>
     <span class='ocr_line' id='line_1_32' title="bbox 663 3852 2849 3944; baseline 0 -23"><span class='ocrx_word' id='word_1_259' title='bbox 663 3853 918 3922; x_wconf 88' lang='lat' dir='ltr'>relativi</span> <span class='ocrx_word' id='word_1_260' title='bbox 967 3852 1380 3944; x_wconf 88' lang='lat' dir='ltr'>pronominis</span> <span class='ocrx_word' id='word_1_261' title='bbox 1429 3874 1721 3933; x_wconf 89' lang='lat' dir='ltr'>sensum,</span> <span class='ocrx_word' id='word_1_262' title='bbox 1766 3853 2113 3923; x_wconf 85' lang='lat' dir='ltr'>manifesto</span> <span class='ocrx_word' id='word_1_263' title='bbox 2153 3853 2608 3934; x_wconf 87' lang='lat' dir='ltr'>recentiorem,</span> <span class='ocrx_word' id='word_1_264' title='bbox 2656 3855 2849 3925; x_wconf 88' lang='lat' dir='ltr'>intel-</span> 
     </span>
     <span class='ocr_line' id='line_1_33' title="bbox 664 3960 2849 4053; baseline 0.001 -24"><span class='ocrx_word' id='word_1_265' title='bbox 664 3960 924 4043; x_wconf 83' lang='lat' dir='ltr'>lexisse,</span> <span class='ocrx_word' id='word_1_266' title='bbox 960 3962 1072 4030; x_wconf 90' lang='lat' dir='ltr'>sed</span> <span class='ocrx_word' id='word_1_267' title='bbox 1100 3961 1539 4052; x_wconf 88' lang='lat' dir='ltr'>antiquiorem</span> <span class='ocrx_word' id='word_1_268' title='bbox 1581 3961 1935 4052; x_wconf 88' lang='lat' dir='ltr'>quemdam</span> <span class='ocrx_word' id='word_1_269' title='bbox 1964 3983 2094 4053; x_wconf 91' lang='lat' dir='ltr'>quo</span> <span class='ocrx_word' id='word_1_270' title='bbox 2125 3961 2195 4031; x_wconf 91' lang='lat' dir='ltr'>in</span> <span class='ocrx_word' id='word_1_271' title='bbox 2223 3962 2639 4031; x_wconf 84' lang='lat' dir='ltr'>informando</span> <span class='ocrx_word' id='word_1_272' title='bbox 2671 3969 2849 4053; x_wconf 85' lang='lat' dir='ltr'>opta-</span> 
     </span>
     <span class='ocr_line' id='line_1_34' title="bbox 666 4070 2847 4164; baseline 0 -26"><span class='ocrx_word' id='word_1_273' title='bbox 666 4070 782 4139; x_wconf 92' lang='lat' dir='ltr'>tivi</span> <span class='ocrx_word' id='word_1_274' title='bbox 820 4070 1132 4151; x_wconf 88' lang='lat' dir='ltr'>themate,</span> <span class='ocrx_word' id='word_1_275' title='bbox 1173 4072 1350 4140; x_wconf 91' lang='lat' dir='ltr'>haud</span> <span class='ocrx_word' id='word_1_276' title='bbox 1389 4092 1578 4140; x_wconf 90' lang='lat' dir='ltr'>secus</span> <span class='ocrx_word' id='word_1_277' title='bbox 1621 4079 1817 4161; x_wconf 86' lang='lat' dir='ltr'>atque</span> <span class='ocrx_word' id='word_1_278' title='bbox 1862 4070 1931 4139; x_wconf 92' lang='lat' dir='ltr'>in</span> <span class='ocrx_word' id='word_1_279' title='bbox 1982 4071 2267 4141; x_wconf 88' lang='lat' dir='ltr'>themate</span> <span class='ocrx_word' id='word_1_280' title='bbox 2296 4071 2636 4164; x_wconf 73' lang='lat' dir='ltr'>praesentis</span> <span class='ocrx_word' id='word_1_281' title='bbox 2676 4071 2847 4140; x_wconf 91' lang='lat' dir='ltr'>indi-</span> 
     </span>
    </p>
   </div>
   <div class='ocr_carea' id='block_1_5' title="bbox 669 4345 2850 4484">
    <p class='ocr_par' dir='ltr' id='par_1_6' title="bbox 669 4345 2850 4484">
     <span class='ocr_line' id='line_1_35' title="bbox 730 4345 2850 4413; baseline 0.004 -19"><span class='ocrx_word' id='word_1_282' title='bbox 730 4345 776 4394; x_wconf 86' lang='lat'>1.</span> <span class='ocrx_word' id='word_1_283' title='bbox 801 4346 1060 4396; x_wconf 75' lang='lat' dir='ltr'>Benteium</span> <span class='ocrx_word' id='word_1_284' title='bbox 1085 4353 1328 4411; x_wconf 84' lang='lat' dir='ltr'>praeterea</span> <span class='ocrx_word' id='word_1_285' title='bbox 1351 4347 1551 4401; x_wconf 83' lang='lat' dir='ltr'>Curtius</span> <span class='ocrx_word' id='word_1_286' title='bbox 1569 4348 1890 4412; x_wconf 87' lang='lat' dir='ltr'>reprehendit</span> <span class='ocrx_word' id='word_1_287' title='bbox 1910 4350 2045 4413; x_wconf 87' lang='lat' dir='ltr'>quod</span> <span class='ocrx_word' id='word_1_288' title='bbox 2061 4364 2090 4399; x_wconf 89' lang='lat' dir='ltr'>e</span> <span class='ocrx_word' id='word_1_289' title='bbox 2106 4349 2282 4399; x_wconf 82' lang='lat' dir='ltr'>formis</span> <span class='ocrx_word' id='word_1_290' title='bbox 2299 4350 2499 4412; x_wconf 89' lang='lat' dir='ltr'>optativi</span> <span class='ocrx_word' id='word_1_291' title='bbox 2528 4352 2850 4402; x_wconf 84' lang='lat' dir='ltr'>secundarius</span> 
     </span>
     <span class='ocr_line' id='line_1_36' title="bbox 669 4414 2749 4484; baseline 0.002 -19"><span class='ocrx_word' id='word_1_292' title='bbox 669 4414 1103 4468; x_wconf 85' lang='lat' dir='ltr'>terminationibus</span> <span class='ocrx_word' id='word_1_293' title='bbox 1131 4418 1389 4470; x_wconf 88' lang='lat' dir='ltr'>instructis</span> <span class='ocrx_word' id='word_1_294' title='bbox 1408 4418 1729 4484; x_wconf 68' lang='lat' dir='ltr'>prater-itum</span> <span class='ocrx_word' id='word_1_295' title='bbox 1756 4424 1952 4483; x_wconf 83' lang='lat' dir='ltr'>tempus</span> <span class='ocrx_word' id='word_1_296' title='bbox 1980 4421 2233 4471; x_wconf 83' lang='lat' dir='ltr'>auxiliaris</span> <span class='ocrx_word' id='word_1_297' title='bbox 2253 4422 2390 4473; x_wconf 88' lang='lat' dir='ltr'>verbi</span> <span class='ocrx_word' id='word_1_298' title='bbox 2416 4436 2593 4474; x_wconf 79' lang='lat' dir='ltr'>eruere</span> <span class='ocrx_word' id='word_1_299' title='bbox 2614 4424 2749 4477; x_wconf 76' lang='lat' dir='ltr'>velit.</span> 
     </span>
    </p>
   </div>
   <div class='ocr_carea' id='block_1_6' title="bbox 3211 3526 3219 4092">
    <p class='ocr_par' dir='ltr' id='par_1_7' title="bbox 3211 3526 3219 4092">
     <span class='ocr_line' id='line_1_37' title="bbox 3211 3526 3219 4092; baseline 0 0"><span class='ocrx_word' id='word_1_300' title='bbox 3211 3526 3219 4092; x_wconf 95' lang='lat' dir='ltr'> </span> 
     </span>
    </p>
   </div>
  </div>
 </body>
</html>
