3234 5150
1269 427 1440 484 -29
1478 458 1552 486 —.

314 553 528 624 dicem
562 559 702 622 saut
751 553 1002 637 thema,
1028 643 1035 650 ἱ
1064 571 1181 622 seu
1249 552 1611 632 infinitivi‚.
1639 572 1755 652 seu
1804 549 2133 642 participii
2176 551 2347 620 vices
2392 572 2495 619 ex-

312 662 524 753 plenS‚
574 661 762 730 nulla
803 661 1264 731 terminatione
1311 663 1715 731 instructum
1763 682 2099 750 apparere.
2142 660 2324 739 Quod
2356 660 2499 750 qui·

313 773 464 842 dem
491 771 662 840 nihil
699 771 772 839 in
815 794 884 841 se
921 773 1119 841 habet
1153 773 1420 842 absurdi
1468 771 1526 840 si
1567 770 1799 849 flexio,·
1837 791 2036 860 quam
2081 777 2338 849 vocant,
2385 791 2499 836 no-

315 880 598 959 minum,
657 886 733 947 ut
781 879 921 948 vult
975 878 1518 960 Curtius‚·multo
1575 885 1722 970 post
1758 878 2101 947 flexionem
2144 880 2499 948 verborum

313 995 456 1057 orta
497 995 619 1057 est.
677 989 799 1056 Sed
842 1010 988 1078 quae
1035 991 1116 1058 de
1156 989 1374 1057 verbis
1415 989 1484 1057 in
1536 987 1891 1056 vetustiore
1935 985 2258 1055 sermonis
2314 991 2502 1055 aetate

313 1119 433 1188 pro
486 1094 917 1164 auxiliaribus
984 1095 1304 1165 habendis
1361 1097 1500 1185 jam
1560 1095 1795 1184 obJeci‚
1864 1097 2005 1164 haec
2065 1116 2141 1163 eo
2206 1093 2503 1184 graviora

311 1205 484 1290 fiunt
511 1203 687 1294 quod
731 1203 1128 1274 adversariis
1183 1205 1610 1274 asserendum
1659 1209 1781 1282 est,
1825 1225 1959 1271 non
2006 1204 2221 1272 solum
2287 1201 2356 1268 in
2408 1201 2503 1269 in-

315 1311 956 1402 doeuropaea.lingua
987 1313 1328 1402 genitrice4
1373 1313 1486 1381 sed
1536 1319 1689 1381 ante
1734 1311 1935 1394 etiam
1984 1333 2185 1400 quam
2234 1309 2505 1377 nomina

316 1418 558 1488 inflecti
587 1420 932 1510 coeperint,
963 1427 1058 1489 tot
1081 1421 1274 1491 verba
1302 1420 1687 1490 e-crassiore
1717 1441 1915 1488 sensu
1950 1419 2032 1487 ad
2062 1439 2317 1487 meram
2342 1423 2501 1485 tem-

316 1547 578 1616 porum,
629 1527 1005 1608 modorum,
1057 1551 1397 1618 generum,
1442 1526 2017 1596 informandorum
2061 1527 2196 1596 vim
2243 1525 2503 1594 descen·

263 1659 272 1665 ·
318 1633 513 1704 disse.
561 1635 701 1704 Non
747 1635 875 1704 alia
911 1636 1088 1705 enim
1139 1638 1304 1727 lege,
1357 1643 1431 1706 ut
1475 1635 1872 1706 assentiente
1924 1633 2144 1703 Curtio
2198 1632 2297 1703 vel
2357 1630 2501 1722 ipso

314 1737 626 1822 diximum
686 1743 1232 1813 cum.1·adicibus
1295 1751 1412 1814 aut
1461 1743 1867 1814 thematibus
1924 1744 2063 1811 haec
2116 1741 2314 1810 verba
2362 1760 2504 1808 coa-

313 1844 585 1932 lescere:
611 1855 992 1939 potuerunt.
2268 1873 2275 1878 ·

404 1956 620 2025 Altera
679 1979 831 2026 vero
879 1978 958 2025 ex
1004 1979 1081 2026 eo
1139 1957 1281 2048 ipso
1339 1958 1785 2028 controversia
1832 1956 1975 2025 fieri
2024 1961 2259 2046 potest,
2327 1955 2503 2046 quod

318 2061 546 2132 formae
577 2070 818 2132 nostrae
850 2085 1024 2134 vere.
1047 2065 1423 2154 compositae
1454 2065 1771 2134 habendae
1804 2063 1960 2142 sint,
2002 2084 2138 2130 non
2168 2083 2205 2130 e
2244 2061 2505 2131 duabus

315 2171 564 2261 pariter
591 2171 774 2239 flexis
802 2171 1073 2242 vocibus
1115 2172 1412 2241 conflatae
1455 2172 1535 2240 ad
1587 2171 1799 2241 instar
1830 2170 2347 2260 compositorum
2387 2169 2506 2237 i1n-.

316 2279 578 2368 proprie
615 2279 968 2348 dictorum.
1013 2281 1177 2348 Nam
1225 2279 1588 2370 composita
1617 2301 1658 2349 e
1681 2280 1881 2350 verbo
1911 2279 2073 2346 flexo
2106 2299 2259 2347 cum
2286 2276 2505 2345 radice

319 2391 433 2454 aut
456 2388 747 2456 themate
791 2387 970 2454 nudo
1015 2387 1248 2475 juncto
1278 2387 1621 2456 rarissime
1654 2387 2007 2455 informata
2038 2392 2217 2466 sunt,
2252 2392 2367 2454 aut
2399 2407 2508 2474 po·

317 2493 452 2562 tius
489 2495 819 2585 ejusmodi
870 2493 1363 2585 compositionis
1409 2494 1516 2562 vix
1561 2494 1716 2575 alia,
1786 2494 1856 2562 in
1918 2494 2272 2564 vetustiore
2331 2499 2505 2562 certe

317 2602 886 2683 sermonisaetate‚
913 2603 1284 2673 afferuntur
1319 2602 1681 2693 specimina
1714 2609 1908 2692 atque
1936 2603 2165 2672 formae
2216 2602 2375 2693 ipsae
2424 2602 2507 2671 de

317 2710 562 2799 quibus
610 2710 885 2799 quaestio
933 2717 1034 2780 est
1070 2710 1242 2801 (vide
1288 2710 1510 2800 ipsum
1559 2710 1883 2791 Curtium,
1915 2714 2037 2779 loc.
2070 2713 2213 2791 cit„
2247 2733 2313 2800 p.
2359 2710 2499 2799 56)-.

315 2816 506 2897 Nam,
539 2818 819 2907 exempli
873 2840 1096 2899 causa,
1131 2840 1420 2908 graecum
1461 2824 1793 2904 οἰκοδομέω,
1843 2840 1977 2886 non
2032 2840 2067 2885 e
2116 2817 2309 2886 verbo
2352 2840 2508 2907 quo-

319 2924 472 2993 dam
495 2930 696 3010 .δομεω
729 2947 883 2994 cum
919 2927 1209 2996 themate
1241 2932 1361 2995 οἰκο
1384 2926 1643 3015 juncto,
1682 2926 1797 2995 sed
1849 2947 1887 2993 e
1932 2926 2221 2993 themate
2250 2946 2507 3014 compo·

256 3116 260 3121 .
322 3030 429 3101 siti
457 3031 746 3107 nominis
789 3038 1108 3118 οἰκοδόμο-ς
1138 3033 1504 3102 derivatum
1537 3038 1659 3100 est.
1690 3032 1781 3099 Ex
1814 3031 1897 3099 iis
1936 3052 2083 3120 quae
2124 3031 2509 3101 Gorssenius

325 3138 786 3228 (Aussprache‚
844 3141 959 3209 alt.
1014 3141 1121 3209 ed.
1156 3142 1206 3220 Ι,
1254 3163 1320 3230 p.
1367 3140 1477 3218 82,
1525 3139 1762 3220 577;11‚
1805 3161 1871 3229 p.
1930 3139 2085 3217 592,
2140 3139 2293 3218 514,
2346 3140 2501 3227 585)

323 3245 538 3326 affert,
587 3248 908 3319 nonnulla
964 3248 1212 3340 pariter
1253 3253 1327 3316 ut
1358 3248 1741 3336 qnariqare,
1806 3247 2137 3335 mitiqarffi
2156 3266 2270 3313 ··ex
2324 3245 2507 3313 obso·
2576 3265 2582 3273 ·

322 3352 451 3422 leto
513 3356 802 3445 quodam
863 3358 1234 3448 qnariqu-S,
1299 3357 1641 3445 mitiqu-s,·
1684 3352 1965 3423 derivari
2023 3357 2322 3444 possunt,
2378 3352 2509 3421 alia

324 3483 457 3530 non
507 3485 657 3533 vere
708 3465 1071 3555 composita
1128 3469 1308 3544 sunt,
1366 3464 1480 3532 sed
1545 3462 1947 3553 juxtaposita
1989 3486 2007 3529 2
2068 3484 2224 3530 nam
2283 3470 2389 3529 sat
2442 3461 2510 3527 in
2558 3502 2563 3507 -

325 3579 622 3661 sataqere
667 3573 848 3641 haud
882 3594 1072 3641 secus
1116 3570 1214 3641 ac'
1236 3574 1394 3639 bene
1441 3571 1512 3639 in
1545 3572 1943 3661 benefacere,
1999 3568 2277 3637 malain
2313 3572 2511 3637 male·

322 3680 564 3766 facere,
607 3679 778 3747 nihil
820 3687 918 3748 est
968 3680 1098 3749 nisi
1146 3678 1530 3749 adverbium
1575 3700 1729 3747 cum
1763 3680 1960 3747 verbo
2000 3675 2285 3766 simplici
2325 3677 2514 3766 junc-

323 3790 495 3855 tum.
532 3788 617 3855 De
649 3790 1004 3875 calefacere
1044 3795 1108 3857 et
1146 3786 1476 3854 similibus
1524 3807 1677 3853 mox
1711 3785 1951 3855 dicam.
1988 3822 2070 3835 —-
2113 3783 2319 3853 Verba
2346 3785 2509 3853 flexa

324 3893 394 3961 in
441 3893 826 3963 universum
882 3916 1036 3963 cum
1085 3894 1486 3963 thematibus
1517 3914 1650 3961 non
1684 3892 1859 3961 coire
1908 3892 2051 3981 ipsa
2080 3891 2510 3981 grammatica

326 4000 568 4089 linguae
597 4000 999 4069 sanscriticae
1041 4023 1162 4069 nos
1201 4001 1410 4081 docet,
1453 4000 1682 4091 paucis
1728 4006 1948 4066 tamen
1991 4008 2169 4067 extra
2215 3999 2509 4088 regulam

234 4161 240 4167 .
326 4106 558 4197 positis
591 4108 775 4196 (Vide
817 4111 1026 4198 Bopp.
1065 4109 1391 4177 Kritische
1426 4108 1863 4185 Grammatilc,
1895 4108 1926 4193 ἓ
1954 4105 2137 4194 585).
2174 4108 2363 4173 Banu
2404 4128 2513 4178 au·

330 4221 486 4295 tem,
518 4215 590 4283 in
617 4218 976 4284 balta—man
1023 4215 1298 4305 «magni
1346 4215 1673 4283 aestimare
1698 4239 1759 4293 »‚
1795 4235 1928 4281 non
1959 4213 2180 4282 thema
2221 4218 2506 4293 tantum,

331 4316 694 4413 sed'potius
743 4322 1154 4394 accusativus
1206 4320 1815 4413 neutriusgeneris
1856 4327 1977 4390 est.
2015 4318 2287 4401 [demin
2325 4311 2511 4406 cr'ad·
