3234 5150
1386 499 1667 555 419...

435 621 586 702 buS,
623 623 956 693 radicibus
989 629 1104 693 aut
1137 623 1534 692 thematibus
1563 623 1843 702 suffixis,
1878 611 2194 714 primaria
2234 629 2348 692 aut
2386 647 2615 692 secun-

441 731 624 799 daria
688 734 976 802 themata
1021 733 1093 802 in
1127 729 1605 824 indoeuropaeis
1649 731 1895 824 linguis
1932 733 2167 802 effecta
2211 740 2389 815 sunt,
2430 733 2614 800 nulla

440 837 571 905 nisi
609 838 943 909 indicandi
970 840 1084 937 ‘vis
1129 840 1344 910 inerat
1389 842 1550 909 dum
1602 841 1707 910 sui
1751 839 1925 930 juris
1993 842 2285 922 fuerunt,
2333 839 2617 910 necdum

443 967 598 1014 cum
631 946 853 1016 radice
886 953 1002 1016 aut
1027 949 1317 1018 themate
1345 947 1666 1018 conflatae.
1704 938 1986 1027 Eaedein,
2027 952 2376 1040 postquam
2412 944 2620 1017 radici

444 1061 560 1122 aut
610 1055 885 1124 themati
955 1055 1096 1144 jam
1159 1053 1514 1124 informato
1578 1056 2017 1136 adhaeserunt,
2088 1076 2291 1126 novas
2353 1053 2621 1123 omnino

444 1167 875 1251 susceperunt
908 1169 1126 1253 partes
1151 1171 1216 1232 et
1243 1165 1324 1232 ad
1347 1163 1564 1234 varios
1589 1184 1754 1234 usus
1782 1163 2221 1254 descriptione
2251 1153 2625 1257 ferelibera

445 1267 954 1340 accommodatae
982 1277 1174 1354 sunt3
1209 1271 1350 1363 qui,
1378 1277 1454 1341 ut
1475 1295 1511 1341 a
1544 1271 1811 1364 proprio
1832 1271 2310 1364 particularum
2336 1291 2465 1340 usu
2494 1290 2627 1337 non

446 1376 726 1444 derivari
755 1386 1028 1467 queunt,
1057 1377 1173 1478 ita,
1202 1380 1392 1469 quasi
1421 1379 1790 1471 interrupta
1821 1400 2139 1449 sensuum
2166 1377 2635 1471 declinatione,-

448 1485 710 1554 facilius
743 1487 856 1576 jus
885 1509 1082 1554 suum
1116 1487 1361 1577 singuli
1404 1488 1739 1557 vindicare
1774 1495 2075 1578 possunt,
2110 1487 2295 1556 nullo
2333 1509 2369 1555 a
2399 1483 2632 1554 ceteris

450 1592 762 1662 derivato.
794 1593 917 1662 Sed
949 1594 1028 1662 de
1057 1595 1183 1663 hoc
1211 1593 1403 1664 alias.
1439 1595 1629 1666 Nunc
1662 1594 1867 1665 dilata
1894 1595 1975 1664 de
2017 1615 2216 1665 sensu
2246 1593 2628 1686 quaestione,

449 1699 530 1768 de
578 1699 796 1770 forma
840 1705 1100 1770 tantum
1147 1701 1499 1794 disputabo
1541 1709 1607 1772 et
1660 1701 2001 1772 ostendam
2036 1724 2053 1770 ⁶.
2110 1701 2321 1795 priuS‚
2370 1697 2639 1792 signum

453 1828 661 1898 quum
719 1808 1146 1898 conjunctivi,
1201 1817 1345 1878 tum
1403 1809 1696 1901 optativi,
1746 1811 1979 1880 suffixa
2024 1816 2284 1879 tantum
2312 1807 2641 1901 particula

454 1918 754 1984 constare
799 1918 1136 2004 potuisse:
1189 1917 1542 2007 posteriuS‚
1597 1938 1683 1986 an
1730 1916 2039 1987 auxiliari
2086 1915 2283 1986 verbo
2340 1922 2640 2002 constare

446 2026 764 2145 potuerit,
797 2025 1032 2093 saltem
1059 2021 1340 2094 dubium
1369 2046 1542 2094 esse.
1605 2021 1610 2026 ’

539 2125 626 2200 De
657 2130 876 2222 priore
910 2139 1296 2254 argumento
1324 2131 1728 2222 paucissima
1768 2128 1983 2202 dicere
2012 2131 2171 2203 satis
2200 2132 2350 2202 elit.
2382 2131 2509 2204 Res
2545 2115 2647 2198 cst

455 2239 823 2320 notissima,
861 2239 1020 2330 (non
1048 2237 1424 2330 opinionem
1447 2238 1592 2310 dico
1635 2238 1715 2309 de
1744 2263 1873 2331 qua
1902 2239 2039 2312 fere
2067 2262 2297 2309 omnes
2322 2262 2399 2328 σι
2402 2261 2644 2307 amma

439 2341 604 2416 ‘ticae
649 2346 1108 2437 comparativae
1153 2345 1506 2439 scriptores
1545 2348 2019 2436 consentiunt),
2049 2345 2467 2438 specialium,
2502 2357 2650 2436 quae

458 2460 798 2534 vocantur,
832 2461 1208 2549 temporum
1251 2455 1543 2524 themata
1591 2475 1725 2525 non
1766 2477 1802 2525 a
1857 2455 2206 2524 nominum
2245 2453 2648 2544 thematibus

460 2561 750 2630 differre.
816 2561 921 2631 Sic
973 2559 1352 2632 sanscriticc
1401 2562 1623 2631 thema
1681 2563 2005 2631 dhrishnu
2066 2561 2137 2630 in
2191 2561 2407 2654 prima
2469 2582 2641 2651 pers.

459 2671 636 2761 plur.
672 2690 863 2761 praeS.
897 2670 1038 2739 ind.
1087 2673 1622 2741 dhrishnu-mas
1684 2697 1717 2739 «
1760 2673 2085 2743 audemus
2117 2698 2151 2738 »
2177 2723 2193 2751 ,
2248 2692 2400 2739 cum
2437 2670 2649 2759 adjece

459 2776 577 2845 tivi
610 2776 894 2845 themate
938 2776 1008 2845 in
1055 2777 1312 2849 nomin.
1364 2778 1534 2869 sing.
1582 2781 1971 2847 dhrishnu-s
2014 2804 2049 2845 «
2083 2779 2296 2847 audax
2334 2804 2396 2856 »,
2443 2796 2649 2867 graece

463 2890 568 2973 ἀγο
594 2885 663 2951 in
692 2885 907 2975 prima
935 2906 1110 2977 pers,
1135 2887 1313 2977 plur.
1347 2907 1540 2978 praes.
1571 2885 1709 2955 ind.
1741 2894 1983 2977 ἄγε-μεν
2007 2908 2161 2955 cum
2195 2882 2486 2955 nominis
2516 2882 2651 2950 thc-

349 2990 356 2999 ’
466 2984 638 3062 mate
677 2994 747 3062 in
775 2994 1180 3064 nominativo
1212 2996 1394 3085 sing.·
1419 3003 1592 3084 ἀγὸ-ς
1634 2995 1915 3073 «dux»,
1967 2994 2294 3084 congruit.
2326 2992 2508 3061 Sicut
2537 3014 2651 3059 au-

467 3108 601 3171 tem
635 3124 672 3171 a
715 3088 1002 3171 themate
1041 3102 1331 3171 nominis
1371 3101 1714 3192 primariO,
1773 3103 1979 3171 altera
2016 3100 2249 3171 suffixa
2296 3100 2643 3190 particula,

468 3212 690 3279 thema
716 3205 1032 3278 declinari
1060 3214 1273 3299 potest
1292 3210 1468 3300 quod
1496 3208 1864 3279 derivatum
1895 3215 2009 3279 aut
2042 3206 2507 3278 secundarium
2540 3230 2649 3275 no-

471 3318 749 3399 minant,
779 3318 869 3387 ita
905 3318 1259 3387 a‘themate
1296 3318 1660 3427 praesentis,
1695 3314 2137 3387 nominalium
2163 3320 2533 3387 thematum
2560 3314 2653 3383 'sia

471 3425 640 3507 mili,
701 3426 1009 3507 alterum,
1061 3426 1130 3495 id
1189 3433 1289 3495 est
1339 3426 1743 3517 conjunctivi
1778 3434 1895 3497 aut
1946 3424 2214 3518 optativi
2263 3426 2507 3503 thema,
2560 3423 2651 3505 al-

469 3540 608 3605 tera
637 3534 872 3604 suffixa
899 3534 1248 3628 particula,
1270 3534 1586 3604 declinari
1600 3535 1909 3629 potuisse
1942 3532 2091 3625 quis
2119 3528 2487 3601 infitietur?
2515 3528 2652 3598 Imo

475 3643 839 3713 derivatum
885 3642 1152 3734 quidem
1203 3644 1274 3711 in
1323 3643 1556 3713 ceteris
1613 3643 1937 3713 classibus
1993 3644 2119 3711 hoc
2158 3644 2403 3727 thema,
2438 3640 2509 3707 in
2556 3660 2655 3707 sea

384 3790 389 3796 ·
477 3752 691 3821 cunda
739 3758 957 3821 autem
988 3749 1210 3841 ipsum
1255 3750 1652 3843 plimarium
1684 3752 1817 3820 sit.
1856 3772 2013 3818 nam
2057 3754 2132 3817 ut
2160 3758 2367 3839 graece
2397 3753 2470 3817 λε
2472 3774 2541 3837 (ο
2580 3745 2655 3815 in

474 3862 750 3947 λέγω-μεν
791 3881 829 3927 e
879 3858 1099 3927 radice
1148 3864 1286 3947 λεγ,
1341 3858 1574 3927 suffixa
1615 3857 1943 3949 particula
1992 3886 2023 3926 0
2086 3855 2509 3934 informatur,
2559 3854 2655 3923 sic

479 3973 529 4035 10
558 3968 627 4034 in
662 3974 845 4053 ‘io—pev
883 3988 920 4037 e
960 3964 1180 4035 radice
1221 3972 1260 4042 ἰ,
1305 3967 1540 4036 suffixa
1577 3966 1905 4057 particula
1952 3994 1982 4034 0
2026 3964 2374 4035 informari
2413 3962 2654 4053 potuit.-

475 4074 696 4165 Neque
735 4074 960 4153 aliam,
1009 4078 1083 4143 ut
1138 4072 1312 4143 infra
1345 4073 1740 4157 videbimUS,
1796 4074 2059 4143 Curtius
2096 4068 2660 4161 Delbruckiusque

479 4179 609 4270 ipsi
643 4181 967 4251 rationem
1014 4180 1426 4260 inveneiunt,
1494 4204 1625 4271 qua
1672 4172 2119 4271 conjunctivi,
2150 4177 2334 4271 quod
2384 4174 2467 4243 ad
2522 4173 2659 4303 sor-³

485 4308 662 4356 mam
699 4270 954 4368 attinet,
987 4288 1307 4379 originem
1332 4287 1755 4378 explicarent.
1837 4312 1843 4317 ·

573 4395 755 4473 Quod
785 4402 1004 4467 autem
1048 4417 1277 4465 omnes
1324 4394 1406 4463 de
1439 4394 1625 4485 signo
1653 4389 2056 4485 conjunctivi
2099 4392 2662 4471 existimaverunt,-
