3234 5150
1396 451 1716 507 -129..

461 590 727 671 tamque
760 585 1043 652 ‘classem
1088 590 1372 662 transeo,
1423 583 1492 649 in
1534 582 1776 671 quibus
1814 584 1953 672 jam
1997 583 2200 652 totius
2262 582 2643 671 quaestionis

462 689 651 782 quasi
678 691 927 760 nodum
956 689 1377 779 attingemus,

550 797 956 888 Conjunetivi
981 800 1201 867 thema
1234 797 1302 865 in
1333 798 1544 886 prima
1578 798 1808 876 classe,
1843 785 1949 867 ex.
1980 820 2178 867 causa
2209 799 2442 864 hlaiv-a
2478 819 2515 865 e
2542 818 2645 865 ra·

463 905 605 972 dice
634 906 763 971 bhv]
796 931 829 970 «
866 905 1008 973 fieri
1035 931 1099 989 »,
1132 897 1507 993 genuinum
1532 927 1675 973 esse
1709 927 1842 972 non
1875 911 2110 994 potest.
2146 907 2216 972 In
2245 904 2646 973 thematibus

461 1008 639 1076 enim
680 1030 799 1098 per
838 1023 881 1075 ῖι
918 1010 1219 1098 longam²
1259 1008 1734 1089 desinentibus,
1787 1033 1920 1078 non
1955 1010 2220 1088 radiciS,
2255 1011 2367 1078 sed
2399 1010 2650 1078 suffixae

464 1117 723 1202 semper
754 1113 999 1181 vocalis
1041 1114 1355 1192 elevatur,
1396 1114 1654 1194 etiamsi
1691 1114 1934 1183 radicis
1966 1115 2210 1182 vocalis
2244 1114 2649 1182 incremento

464 1226 761 1309 augetur.
790 1222 860 1288 In
890 1228 1065 1289 sexta
1096 1228 1317 1289 autem
1352 1220 1559 1290 classe
1588 1221 1760 1289 nihil
1801 1222 2015 1289 obstat
2048 1221 2209 1311 quin
2249 1221 2649 1310 conjunctivi

464 1327 683 1394 thema
704 1328 920 1417 srzj-c‘z'
938 1349 973 1396 e
997 1327 1215 1396 radice
1235 1329 1409 1417 serJ’«
1433 1328 1732 1396 emittere
1756 1352 1790 1392 »
1813 1350 1930 1417 pro
1951 1329 2235 1418 genuino
2262 1329 2646 1395 habeamus.

464 1433 707 1502 Suffixa
740 1435 917 1502 enim
962 1448 1004 1500 ᾶ
1051 1434 1267 1523 longa,
1314 1443 1588 1505 accentu
1637 1457 1972 1525 percussa,
2021 1435 2290 1502 nomina
2346 1434 2646 1513 actioniS‚

463 1562 672 1629 quum
703 1541 771 1609 in
797 1542 1202 1620 samaritica,
1225 1550 1365 1609 tum
1389 1543 1455 1609 in
1478 1565 1688 1630 graeca
1711 1543 1935 1632 lingua
1957 1542 2308 1610 informata
2329 1564 2473 1610 esse
2491 1542 2654 1609 vidi-

464 1670 638 1716 mus.
660 1649 847 1717 Forte
871 1649 1144 1738 objicias
1171 1657 1369 1717 sextae
1392 1649 1622 1718 classis
1647 1651 1836 1739 longe
1861 1651 2171 1740 pauciora
2201 1673 2400 1740 quam
2425 1650 2651 1740 primae

374 1753 381 1761 '
463 1754 694 1822 classis
722 1776 864 1824 esse
897 1756 1117 1829 verba.
1156 1756 1291 1823 imo
1331 1756 1412 1823 ad
1455 1763 1703 1824 sextam
1748 1757 2027 1826 classem
2072 1757 2142 1824 in
2181 1780 2390 1846 graeca
2427 1757 2650 1846 lingua

462 1861 567 1928 vix
611 1862 929 1958 nonnulla
975 1862 1167 1929 verba
1218 1861 1585 1931 indubitate
1624 1863 1855 1930 referri
1890 1886 2103 1953 posse,
2148 1863 2238 1930 ita
2289 1871 2364 1931 ut
2411 1885 2649 1953 parum

465 1968 817 2036 verisimile
874 1969 959 2036 sit
1012 1970 1509 2059 conjunctivum
1562 1970 1631 2037 in
1689 1971 2109 2059 egentissima
2173 1971 2380 2038 classe
2442 1971 2651 2059 magis

462 2098 604 2145 esse
644 2077 1008 2166 genuinum
1048 2100 1249 2167 quam
1293 2078 1363 2145 in
1402 2079 1903 2168 opulentissima
1947 2080 2185 2169 prima.
2226 2079 2386 2147 Cave
2429 2087 2649 2147 autem

464 2207 545 2252 ne
587 2184 994 2253 obliviscaris
1043 2186 1314 2253 secundi
1357 2185 1584 2254 aoristi
1623 2188 1841 2254 thema
1896 2187 1962 2253 in
1998 2209 2204 2275 graeca
2243 2187 2419 2256 haud
2459 2209 2651 2254 secus

462 2296 658 2380 atque
684 2291 753 2359 in
784 2291 1163 2361 sanseritica
1198 2293 1423 2382 lingua
1456 2293 1690 2361 suffixa
1719 2293 2040 2383 particula
2070 2317 2136 2372 a,
2163 2323 2192 2361 0
2220 2293 2648 2362 informatum

465 2419 501 2464 a
538 2404 730 2465 sextae
772 2398 999 2467 classis
1039 2400 1439 2476 thematibus
1470 2421 1600 2467 non
1631 2399 1938 2478 differre3
1979 2401 2154 2468 unde
2187 2402 2402 2489 major
2432 2400 2506 2468 fit
2529 2424 2651 2469 nu·-

466 2523 690 2571 merus
736 2506 1309 2594 conjunctivorum
1354 2506 1468 2597 qui
1518 2507 1902 2576 nominibus
1933 2506 2211 2576 actionis
2252 2508 2322 2575 in
2359 2512 2418 2574 [ι’
2450 2509 2649 2599 aptis-
2728 2538 2734 2544 ·

464 2610 630 2679 sime
677 2612 1097 2702 respondent.
1143 2615 1309 2682 Eum
1347 2621 1567 2682 tamen
1597 2637 1876 2683 numero
1913 2616 2486 2704 conjunctivorum
2517 2618 2650 2705 pri-

466 2740 589 2785 mae
626 2719 857 2788 classis
912 2722 1237 2791 minorem
1285 2744 1630 2791 remanere
1684 2723 1913 2790 fateor.
1966 2724 2086 2790 Sed
2121 2724 2314 2812 longe
2353 2724 2534 2791 abest
2577 2731 2648 2792 ut

466 2825 833 2894 formarum
883 2828 1239 2918 antiquitas
1270 2852 1347 2897 ex
1384 2829 1768 2898 earumdem
1814 2829 2180 2919 frequentia
2225 2829 2646 2919 dijudicanda

466 2933 573 2999 sit.
598 2934 733 3001 Imo
749 2956 901 3002 vero
924 2958 1131 3024 quum
1150 2936 1218 3003 in
1242 2936 1563 3004 sermonis
1585 2936 1764 3003 haud
1783 2957 1972 3004 secus
1991 2944 2186 3025 atque
2205 2935 2275 3001 in
2298 2937 2644 3003 hominum

465 3038 595 3106 vita
626 3031 997 3130 antiquiora
1038 3041 1513 3109 recentioribus
1548 3040 1778 3109 cedere
1809 3042 2083 3121 soleant,
2117 3064 2194 3109 ex
2239 3042 2381 3131 ipso
2414 3042 2646 3131 primae

466 3146 696 3214 classis
731 3147 921 3237 quasi
965 3148 1339 3237 principatu
1387 3148 1746 3218 verisimile
1789 3148 1932 3216 fieri
1981 3155 2191 3238 potest
2235 3150 2378 3237 ejus
2424 3149 2644 3217 minus

466 3274 666 3343 quam
696 3255 1163 3323 obsolescentis
1191 3264 1383 3324 sextae
1408 3258 1655 3323 formas
1684 3255 2004 3345 genuinas
2035 3277 2202 3324 esse.

552 3361 891 3430 Praesentis
936 3368 1195 3431 tantum
1236 3363 1495 3440 formas
1536 3363 1753 3430 adhuc
1801 3362 2232 3451 respeximus,
2286 3362 2416 3430 nisi
2469 3366 2645 3453 quod

465 3469 785 3538 aoristum
834 3471 1199 3540 secundum
1235 3472 1319 3540 ad
1369 3479 1617 3541 sextam
1667 3470 2009 3561 praesentis
2043 3472 2319 3540 classem
2366 3472 2647 3541 referen-

464 3576 625 3643 dum
673 3579 1359 3647 commemoravimus.
1392 3580 1461 3645 In
1512 3578 1746 3646 ceteris
1780 3577 2191 3667 temporibus
2231 3579 2493 3646 nullum
2539 3602 2645 3669 ge-

462 3683 747 3762 nuinum
777 3691 891 3753 aut
919 3686 1345 3775 conjunctivi,
1382 3692 1496 3753 aut
1524 3685 1819 3776 optativi,
1855 3686 2076 3752 thema
2108 3686 2497 3774 reperimus.
2531 3686 2645 3753 Ge-

461 3789 667 3857 nuina
698 3791 981 3882 denique
1005 3793 1323 3861 habemus
1348 3792 1747 3881 conjunctivi
1773 3792 1904 3859 duo
1930 3792 2351 3881 exemplaria,
2387 3794 2638 3871 breta-a,

460 3892 700 3984 arij-ass
726 3898 992 3988 optativi
1021 3901 1354 3990 exemplar
1378 3922 1589 3967 unum
1624 3903 1966 3987 dvish-yc‘z'.
1995 3899 2140 3967 Tria
2160 3907 2376 3967 autem
2401 3901 2647 3989 pariter

465 4004 732 4072 nomina
756 4013 907 4073 sunt
932 4006 1232 4085 actionis,
1253 4029 1539 4097 quorum
1560 4006 1770 4074 instar
1791 4014 2040 4075 ceteros
2070 4005 2389 4096 optativos
2413 4014 2478 4075 et
2497 4030 2643 4076 eon·

459 4111 677 4199 juncti
697 4114 1128 4202 vesanalo·giae
1146 4115 1287 4202 lege
1312 4113 1657 4182 informari
1687 4112 1979 4202 potuisse
2010 4135 2202 4181 nemo
2234 4113 2476 4183 infitias
2497 4114 2640 4181 ibit.

528 4352 575 4405 1.
602 4353 857 4405 Feminina
880 4354 1156 4405 thematum
1178 4355 1231 4404 in
1260 4369 1293 4403 a
1314 4353 1463 4404 breve
1484 4351 1833 4410 desinentium,
1861 4358 1917 4404 ut
1938 4367 2106 4417 supra,
2128 4351 2323 4403 omitto.

2369 4458 2400 4505 9
