3234 5150
1304 441 1509 499 -wi
1552 473 1620 484 -—

458 567 872 659 Adjeetivum'
897 575 1011 636 aut
1034 567 1473 659 'participium
1492 567 1890 657 in'qualibet
1916 567 2234 638 sententia
2253 569 2408 638 non·
2424 571 2553 640 nisi

372 676 452 744 ad
482 676 913 765 subjectivam
968 675 1324 766 quamdam
1351 681 1604 767 partem
1645 682 1721 746 ut
1765 699 1918 767 pars
1945 678 2292 767 praedicata
2323 677 2553 746 referri

371 789 604 874 potest.
625 783 771 852 Sive
796 783 1165 873 simplicem
1204 784 1595 852 sententiam
1616 810 1650 848 «
1680 785 1896 852 Bonus
1926 784 2404 874 Paulus'»‚sive
2435 785 2554 872 ha's

371 890 768 980 proferimus
808 912 843 959 e
880 890 1137 959 duabus
1178 887 1617 960 constantes«
1649 891 2146 960 BonusPaulus
2198 900 2460 962 amatur
2485 897 2566 975 »·,.’

373 995 669 1065 «Bonum
698 996 976 1066 Paulum
1007 1004 1323 1074 amant»,
1376 996 1680 1085 adjectivi
1724 997 2058 1067 notionem
2111 1002 2392 1089 semper,
2439 1007 2552 1068 aut

368 1103 448 1172 dc
475 1105 765 1195 proprio,
805 1112 919 1174 aut
962 1105 1041 1173 dc
1088 1105 1428 1173 communi
1475 1105 1826 1173 amborum
1850 1108 2363 1195 praedicatorum
2409 1109 2556 1174 sub-

354 1203 556 1302 jecto,
620 1220 735 1281 aut
790 1213 871 1281 de
924 1212 1269 1302 praecipuae
1316 1211 1654 1281 sententiae
1701 1214 1940 1302 objecto
1961 1215 2442 1304 praedicamus:
2477 1236 2562 1284 ex.

369 1319 621 1406 objecto
652 1318 833 1391 enim
864 1317 1042 1386 verbi
1089 1343 1121 1382 «
1154 1322 1378 1385 amant
1412 1341 1473 1395 »,
1532 1342 1565 1381 c<
1596 1318 1872 1385 Paulum
1905 1344 1938 1382 »
1973 1317 2146 1402 dice,
2179 1319 2557 1410 subjectum

368 1427 728 1517 adjectivi«
763 1428 1012 1495 bonum
1048 1453 1081 1491 »
1114 1426 1289 1496 effici
1332 1426 1764 1494 manifestum
1809 1432 1929 1494 cst.
1964 1426 2054 1492 Ex
2096 1426 2239 1515 ipso
2280 1426 2549 1516 quidem

369 1535 703 1604 sententiae
745 1535 1071 1604 universae
1125 1540 1351 1603 tenore
1380 1533 1523 1602 fieri
1567 1541 1779 1625 potest
1810 1539 1884 1601 ut
1913 1533 2009 1602 sic
2035 1553 2339 1623 expressa
2375 1535 2559 1603 affir-v

369 1641 569 1710 matio
602 1663 735 1709 non
766 1663 970 1720 mera,
1003 1641 1115 1710 sed
1146 1642 1568 1720 conditionis,
1604 1641 1843 1728 futuri,
1876 1649 2030 1726 cet„
2059 1642 2407 1712 affirmatio
2436 1643 2544 1713 sit.

368 1751 583 1830 Quum
616 1749 763 1818 dico
814 1774 846 1813 «
878 1750 988 1817 Vir
1015 1749 1225 1818 bonus
1260 1755 1525 1818 amatur
1560 1775 1623 1825 »,
1677 1770 1809 1816 non
1842 1748 1972 1818 duo
2010 1750 2298 1830 affirmo,
2331 1751 2547 1820 virum

367 1859 721 1948 quemdam
747 1880 891 1926 esse
918 1858 1193 1937 bonum,
1244 1865 1307 1926 et
1347 1857 1656 1926 eumdem
1691 1858 1927 1936 amari,
1972 1858 2086 1927 sed
2111 1880 2322 1926 unum
2363 1861 2487 1928 hoc
2527 1885 2543 1928 ε

367 1963 607 2043 virum,
638 1963 940 2054 quisquis
967 1963 1077 2040 sit,
1102 1962 1374 2031 simodo
1394 1963 1609 2032 bonus
1633 1962 1742 2040 sit,
1767 1963 2000 2031 amari.
2029 1965 2160 2033 Hoc
2178 1972 2397 2034 autem
2415 1987 2547 2034 non

367 2071 653 2140 concreti
683 2071 975 2141 nominis
1004 2071 1371 2160 proprium,
1428 2070 1541 2139 sed
1570 2070 1630 2138 ei
1663 2092 1817 2139 cum
1847 2071 2041 2139 verbo
2082 2071 2152 2139 in
2195 2071 2546 2142 indicativo

365 2179 579 2268 posito
606 2199 960 2248 commune
1006 2184 1127 2247 est.
1178 2178 1419 2246 Eadem
1448 2177 1629 2246 enim
1672 2177 1837 2268 lege,
1879 2199 2116 2268 nempe
2158 2178 2367 2269 ipsius
2399 2202 2560 2249 sen-·

366 2308 479 2355 sus
515 2287 603 2362 vi,
638 2286 990 2354 indicativo
1018 2284 1308 2354 conditio
1338 2284 1660 2354 declarari
1681 2287 1895 2374 potes‘t
1925 2286 2096 2354 «Vir
2119 2286 2232 2376 qui
2269 2287 2546 2379 benigne

364 2397 519 2485 agit,
559 2402 820 2464 amatur
849 2421 911 2460 ».
947 2396 1269 2464 Hactenus
1298 2392 1843 2483 igituradjectiva
1863 2399 1928 2462 et
1958 2393 2304 2486 participia
2334 2418 2452 2486 per
2477 2419 2546 2468 se

363 2502 504 2593 ipsa
548 2524 681 2572 non
729 2502 1103 2581 modorum,
1172 2500 1285 2569 scd
1336 2499 1676 2568 indicativi
1717 2505 1976 2568 tantum
2026 2501 2234 2571 vicem
2279 2506 2545 2595 explere

364 2611 689 2680 videntur.

448 2719 531 2786 De
556 2716 895 2807 adjectivis
922 2715 1215 2805 quidem,
1249 2717 1423 2785 etde
1466 2715 1834 2805 participiis
1868 2718 2208 2806 praesentis
2237 2728 2352 2789 aut
2380 2720 2543 2810 prae-

360 2824 537 2895 teriti
591 2823 911 2913 temporis
970 2821 1141 2889 nihil
1196 2822 1485 2912 amplius
1524 2821 1878 2890 dicendum
1924 2823 2155 2892 habeo.
2203 2825 2289 2892 Dc
2333 2828 2541 2896 futuri

362 2938 581 3003 autem
629 2928 995 3020 participiis
1034 2929 1247 3015 major
1277 2937 1341 2998 et
1379 2928 1576 3018 paulo
1621 2928 1955 2997 difficilior
1990 2931 2263 3019 quaestio
2301 2934 2536 3002 oritur.

359 3037 587 3118 Futuri
621 3027 801 3106 enim
832 3036 1212 3113 affirmatio,
1257 3036 1623 3126 praesertim
1673 3035 1727 3103 si
1765 3036 2082 3125 temporis
2116 3040 2540 3132 hujusorigi-

361 3166 512 3213 nem
558 3144 943 3234 respexeris,
981 3164 1127 3233 quae
1156 3142 1238 3211 ad
1276 3141 1546 3232 optativi
1594 3141 2128 3211 informationem
2175 3148 2537 3217 revocanda

360 3259 479 3329 est,
518 3274 650 3319 non
702 3273 882 3319 mera
916 3249 1270 3318 affirmatio
1310 3255 1522 3340 potest
1566 3249 1820 3317 haberi.
1860 3249 2156 3319 Ceterum
2191 3254 2538 3345 participia

359 3359 569 3433 futuri
621 3380 772 3428 vere
826 3358 1440 3447 modorum‘partes
1496 3378 1713 3447 agere,
1766 3357 2178 3447 apertissime
2229 3382 2266 3429 e
2314 3362 2538 3431 latinis

358 3466 803 3541 locutionibus
834 3471 1104 3555 apparet
1140 3490 1174 3529 «
1216 3463 1298 3531 ad
1328 3464 1579 3531 urbem
1603 3463 1978 3542 delendam,
2020 3466 2254 3535 urbem
2290 3468 2539 3538 deletu-

358 3596 557 3651 rus»,
588 3573 831 3662 quibus
865 3571 1017 3641 finis
1052 3579 1167 3640 aut
1196 3570 1549 3639 consilium
1584 3571 1981 3641 declaratur.
2022 3572 2134 3640 Hic
2171 3596 2303 3644 non
2338 3598 2374 3645 e
2401 3599 2539 3645 scn-

362 3678 581 3747 tentiae
609 3683 866 3745 tantum
904 3684 1131 3745 tenore
1174 3676 1347 3744 idem
1388 3697 1623 3746 sensus
1672 3676 1746 3745 fit
1799 3676 1913 3766 qui
1952 3676 2021 3744 in
2053 3680 2256 3751 ,verbo
2295 3682 2532 3761 modis,

360 3792 473 3854 aut
502 3791 795 3874 tempore
831 3784 1114 3873 optativo
1144 3784 1341 3851 modo
1361 3783 1569 3856 affini,
1590 3785 2096 3873 nempcfuturo,
2121 3788 2532 3877 exprimitur,

358 3893 471 3960 sed
498 3913 576 3960 ex
602 3891 741 3980 ipsa
769 3888 1277 3979 participiorum
1307 3890 1543 3956 forma.
1576 3888 1717 3956 Mox
1750 3893 1972 3956 autem
2003 3888 2372 3961 videbimus
2395 3918 2540 3984 par-

356 4003 581 4093 ticipia
620 4001 855 4079 futuri,
894 4000 1197 4091 quamvis
1239 4021 1438 4068 sensu
1484 4005 1788 4067 concreta
1833 3999 1988 4079 sint,
2036 4002 2246 4072 forma
2288 4011 2532 4086 tamen,

355 4132 568 4200 neque
597 4107 915 4200 primaria
956 4128 1099 4176 esse
1133 4114 1461 4184 concreta,
1506 4127 1722 4196 neque
1758 4128 1793 4174 c
1833 4106 2182 4196 primariis·
2215 4116 2550 4184 concretis:

357 4218 645 4286 derivata
678 4215 907 4293 fuisse,
946 4221 1213 4303 excepto
1254 4236 1387 4281 uno
1425 4214 1505 4281 de
1532 4235 1663 4302 quo
1693 4213 1762 4281 in
1792 4212 1920 4307 fine
1948 4217 2288 4304 praesentis
2312 4218 2550 4311 dispu·‘

358 4324 625 4392 tationis
665 4322 1124 4391 tractabimus,
1158 4310 1638 4410 slnquirendum
1689 4326 1788 4389 est
1818 4319 2024 4410 igitur
2051 4344 2136 4391 an
2170 4345 2302 4394 non
2341 4348 2548 4398 causa·
