3234 5150
1351 428 1627 484 ..25-

397 555 746 626 abundare·
778 556 1148 626 videantur.
1181 556 1343 636 Imo,
1386 561 1463 623 ut
1499 555 1919 646 frequentata·
1956 557 2189 648 magis,
2246 558 2335 627 ita
2387 561 2579 650 plura

397 655 740 736 auxiliaria
767 664 966 734 verba
1003 663 1250 732 fuerin-t
1277 663 1348 731 in
1376 662 1512 731 illis
1540 663 1841 733 obscuris
1874 665 2117 755 linguae
2147 668 2578 738 informandae

397 767 804 866 primordiis,
841 793 1036 862 quam
1073 771 1142 839 in
1180 769 1344 852 hac,
1366 777 1480 840 aut
1509 773 1880 861 juventute,
1924 779 2040 842 aut
2076 774 2275 844 etiam
2312 777 2583 846 maturi-

395 887 526 950 tate
558 879 906 959 sermonis,
942 879 1022 948 de
1055 900 1185 969 qua
1216 884 1641 948 monumenta
1682 878 2029 949 literarum
2056 887 2402 952 testantur.
2441 885 2579 954 Non

396 988 618 1058 omnia
651 988 826 1057 enim
864 987 1354 1056 nominavimus
1391 1008 1679 1077 quorum
1716 989 1857 1076 jam
1887 989 2107 1058 fautor
2151 989 2391 1080 aliquis
2433 1014 2580 1083 pro-

397 1096 542 1176 diit,
572 1118 780 1187 neque
799 1095 1021 1192 omnia
1057 1095 1380 1185 suspicari
1427 1117 1784 1185 possumus
1830 1118 1977 1187 quae
2011 1096 2323 1168 doctrinae
2352 1121 2579 1170 conse-

397 1213 673 1297 quenter
737 1205 819 1274 ad
862 1205 1276 1274 obscuriores
1318 1203 1499 1273 verbi
1547 1203 1821 1283 formaS,
1880 1204 2242 1296 perfectum
2300 1207 2581 1296 exempli

397 1336 594 1383 causa
623 1335 912 1404 graecum
945 1313 1015 1380 in
1049 1341 1125 1381 κα
1159 1311 1486 1391 desinenS,
1537 1309 1954 1401 explicandas
1990 1312 2261 1401 posthac
2308 1314 2583 1382 fortasse

396 1429 739 1492 eruantur.
798 1421 970 1490 Satis
1017 1420 1144 1490 erit
1187 1420 1501 1490 lectorem
1547 1418 2110 1488 commonefacere
2165 1419 2383 1489 virum
2431 1422 2583 1490 doc·

397 1531 731 1599 tissimum
818 1529 1156 1599 Benfeium
1230 1549 1444 1618 nuper
1487 1527 1909 1597 sanseriticas
1983 1529 2327 1598 tertiarum
2400 1530 2576 1620 plur.

398 1635 572 1705 med.
611 1656 1062 1726 personarum·
1093 1633 1590 1704 terminationes
1640 1634 1828 1704 litera
1874 1659 1912 1702 r
1955 1636 2341 1726 incipientes
2376 1637 2583 1705 radici

397 1767 480 1812 ar
511 1743 668 1813 «ire
690 1770 724 1809 »
747 1743 1181 1813 vindicavisse
1211 1744 1556 1834 (Abandhl.
1586 1744 1706 1810 der
1746 1745 1989 1834 lco‘niql.
2020 1747 2437 1835 Gesellschast
2467 1749 2585 1813 der

407 1854 599 1919 Wiss.
653 1875 736 1920 zu
797 1854 1162 1941 Gottinyen,
1223 1849 1436 1931 1870,
1503 1849 1588 1918 cf.
1650 1853 1862 1918 Revue
1906 1853 2208 1942 cm‘tique,
2262 1853 2470 1933 1872,
2530 1856 2578 1933 Ι,

399 1983 466 2054 P
483 2068 653 2138 lllud
683 2067 885 2158 igitur
926 2067 1220 2158 primum
1260 2072 1487 2135 contra
1532 2065 1901 2134 doctrinam
1938 2087 1975 2133 a
2014 2066 2324 2156 plurimis
2354 2068 2581 2158 proha-

396 2184 530 2246 tam
559 2176 1005 2267 objiciendum
1037 2175 1266 2255 habui,
1303 2173 1477 2264 quod
1515 2194 1755 2264 parum
1802 2173 2162 2243 verisimile
2194 2184 2295 2245 est
2322 2182 2418 2245 tot
2443 2197 2585 2245 ver-

395 2285 635 2354 borum
669 2285 738 2352 in
767 2284 1154 2374 longinqua¹
1181 2281 1506 2351 sermonis
1536 2286 1725 2350 aetate
1750 2302 2044 2362 sensum,
2071 2283 2383 2372 primitus
2415 2306 2585 2354 cras·

397 2393 663 2472 siorem,
689 2393 778 2461 ita
813 2392 1149 2462 minutum
1178 2391 1385 2459 fuisse
1411 2395 1484 2457 ut
1519 2387 1945 2457 auxiliarium
1976 2389 2190 2458 vicem
2220 2393 2578 2481 explerent,

398 2524 605 2592 quum
644 2501 713 2570 in
756 2500 1242 2591 antiquissimis
1275 2499 1623 2568 literarum
1674 2499 2126 2568 monumentis
2156 2499 2580 2569 auxiliarium

398 2629 596 2677 usum
623 2608 730 2674 vix
760 2606 1184 2697 incipientem
1218 2604 1583 2674 videamus·

485 2716 564 2783 At
587 2715 726 2795 illa,
758 2736 903 2804 quae
936 2714 1304 2803 finguntur,
1339 2712 1684 2782 auxiliaria
1718 2713 1938 2793 verba,
1976 2736 2185 2803 quum
2218 2722 2408 2785 antea
2438 2739 2559 2807 pro

379 2822 525 2915 prii
546 2822 724 2912 juris
749 2821 1020 2901 fuerint,
1045 2827 1110 2889 et
1133 2819 1478 2910 proprium
1507 2840 1778 2888 sensum
1808 2819 2346 2910 significaverint,
2381 2824 2584 2893 illone

399 2936 573 2998 certe
614 2950 814 2997 sensu
857 2928 1281 3019 peculiariter
1326 2935 1473 3017 apta
1515 2927 1791 2995 fuerunt
1819 2926 1900 2994 ad
1931 2933 2331 3017 temporum,
2367 2931 2561 3000 modo

337 3082 348 3092 -
399 3057 576 3116 rum,
609 3058 952 3127 generum,
984 3035 1118 3105 vim
1173 3034 1719 3124 exprimendam?
1758 3034 1872 3101 Cui
1921 3035 2270 3123 quaestioni
2312 3039 2461 3115 hoc,
2512 3046 2589 3107 ut

401 3146 658 3235 opinor,
711 3164 1103 3235 responsum
1153 3141 1295 3209 dari
1341 3146 1576 3231 potest,
1630 3142 1851 3209 fictam
1903 3142 2450 3232 compositionem
2503 3145 2585 3213 ad

400 3251 861 3343 explicandum
892 3272 1161 3320 sensum
1209 3250 1604 3339 plerumque
1647 3271 1883 3340 parum
1932 3250 2324 3341 proficere,
2307 3275 2441 3321 imo
2484 3254 2585 3322 in·

400 3361 663 3431 terdum
694 3356 1112 3449 explicationi
1149 3356 1436 3425 officere.

488 3468 627 3537 Non
658 3467 838 3536 enim
869 3489 1022 3537 cum
1050 3464 1229 3535 verbi
1265 3487 1341 3533 as
1380 3490 1414 3529 «
1453 3484 1595 3533 esse
1626 3490 1659 3529 »
1696 3464 1908 3535 forma
1941 3467 2257 3557 qualibet,
2290 3468 2406 3537 sed
2432 3490 2587 3539 cum

403 3576 612 3644 forma
641 3575 726 3643 ad
763 3572 1264 3665 exprimendum
1292 3572 1595 3640 futurum
1619 3573 1759 3662 jam
1805 3575 2297 3643 accommodata
2337 3576 2588 3666 (utpote
2647 3627 2658 3638 .

403 3684 689 3775 optativo
709 3682 914 3771 affini)
927 3735 942 3762 ,
972 3682 1314 3771 (a)s·ya-ti,
1334 3681 1637 3769 junctam
1658 3686 2028 3748 ceterorum
2050 3681 2403 3750 verborum
2424 3684 2591 3752 radi-

405 3806 549 3857 cem
579 3788 880 3856 futurum
912 3783 1212 3854 effecisse
1239 3782 1599 3862 docemur;
1634 3782 1861 3851 eadem
1890 3787 2111 3850 autem
2145 3786 2365 3865 verba,
2400 3787 2586 3855 nullo

404 3893 584 3963 verbi
613 3916 689 3961 as
720 3891 994 3971 auxilio,
1044 3890 1404 3981 proprium·
1437 3890 1736 3981 ipsorum
1784 3892 2142 3981 optativum
2196 3917 2315 3986 pro
2361 3896 2586 3966 futuro

405 4000 868 4091 usurpandum
911 3998 1314 4092 praebebant,
1365 4007 1431 4069 et
1482 3998 1701 4091 reipsa
1732 4000 2205 4090 praestiterunt,
2256 4011 2333 4074 ut
2363 4004 2589 4074 futura

470 4281 518 4331 1.
548 4279 751 4331 Maxime
768 4278 1098 4341 longinquam
1126 4277 1367 4341 intelliget
1389 4278 1558 4329 lector
1561 4281 1825 4341 postquam
1850 4291 1961 4341 quae
1984 4278 2151 4331 infra·
2136 4294 2190 4330 m
2211 4280 2405 4344 pagina
2416 4282 2479 4332 29
2509 4298 2593 4337 no-

404 4359 578 4405 tantur
601 4346 1020 4405 animadverterit.
