3234 5150
1409 387 1690 446 ...57—

456 515 704 605 pretari
734 501 1138 607 supersedet,
1178 523 1254 586 ut
1283 515 1474 586 litera
1511 517 1673 608 pin¹
1708 516 1913 586 latino
1955 515 2225 587 nomine
2247 518 2573 606 volup-tas
2603 539 2639 588 e

454 623 676 693 radice
698 625 881 694 verbi
910 628 1077 707 vole,
1107 631 1172 696 et
1185 625 1267 694 -in
1295 647 1520 718 graeco
1539 612 2127 716 σκάλοψωκάλοπ-ς)
2156 645 2193 694 e
2212 625 2433 696 radice
2458 625 2637 696 verbi

453 739 692 801 σκάλλω
747 733 853 803 cui
897 734 1124 803 eadem
1155 758 1200 823 p
1239 735 1539 825 proxime
1563 721 1656 802 ‘in
1699 735 1902 803 latino
1947 734 2144 803 verbo
2178 729 2397 824 scalpo
2426 735 2640 804 adhae-

451 847 553 910 ret
579 843 624 908 ¹.
657 841 798 910 Non
843 841 972 912 alia
1019 842 1223 932 igitur
1253 841 1534 933 quaestio-
1568 847 1671 913 est
1699 843 1777 912 de
1802 835 2299 932 'formisqualis
2324 850 2425 912 est
2462 849 2641 932 ἐ’-σχε-

443 955 575 1016 θ-ον
603 969 679 1016 ac
715 947 794 1016 de
829 947 1068 1017 ceteris
1113 948 1373 1016 literam
1405 957 1436 1015 θ
1469 947 1955 1018 exhibentibus.
2007 949 2143 1015 Imo
2183 946 2389 1036 quaeri
2431 948 2642 1038 possit

443 1076 670 1124 annon
717 1057 974 1136 debilis,
1029 1055 1205 1148 quod
1251 1061 1509 1137 vocant,
1565 1054 1881 1146 p'raeteriti
1932 1048 2464 1146 germanicarum
2490 1054 2640 1142 ‘lin-

447 1170 728 1254 guarum
761 1162 952 1232 litera
981 1165 1048 1244 d,
1085 1170 1234 1254 apte
1261 1181 1488 1252 graecae
1518 1171 1550 1231 θ
1580 1161 2024 1253 respondenS,'
2053 1163 2173 1254 pro
2204 1184 2385 1232 mero
2426 1164 2635 1233 deter-

435 1270 762 1340 minativo
792 1270 1092 1341 habenda
1131 1270 1240 1340 sit.
1277 1272 1366 1341 Ne
1387 1270 1548 1361 'quis
1575 1265 1757 1340 enim
1776 1268 2033 1339 zcredat
2062 1269 2429 1340 doctrinam
2462 1292 2635 1340 corn·

431 1377 792 1470 positionis
854 1377 922 1447 in
969 1377 1370 1468 germanico·
1397 1371 2030 1468 praeteri-to‚'nullam
2087 1378 2627 1460 controversiam,

435 1494 558 1558 aut
609 1507 728 1578 per
786 1507 856 1556 se
905 1507 1190 1565 movere,
1238 1491 1350 1555 aut
1387 1507 1470 1566 re,
1504 1480 1829 1566 metisse}
1863 1484 2393 1554 commemorabo
2434 1486 2631 1575 Bege-

441 1594 697 1664 mannii
733 1593 976 1685 scripta
995 1594 1152 1684 (Das
1182 1588 1513 1662 schw'ache
1529 1589 1945 1660 Praeteritum
1987 1595 2107 1661 der
2134 1593 2629 1684 qemanischen

358 1699 367 1703 ’
441 1705 799 1792 Βρνασὴεη,
861 1708 928 1771 et
980 1704 1120 1770 Zur
1163 1698 1567 1791 Bedeutunyl
1590 1699 1711 1768 des
1755 1703 1949 1768 schw.
2000 1701 2196 1768 Praet.
2250 1703 2369 1769 der
2421 1725 2624 1792 qerm.

427 1812 652 1900 Ἡρη),
715 1832 864 1901 quae
906 1808 1334 1880 Delbruckius
1365 1813 1670 1898 -carp'ens
1706 1808 2113 1897 (Zeitschrifi‘
2167 1812 2285 1898 fiir
2330 1810 2633 1878 deutsche

437 1920 816 2008 Philoloqie‚
849 1916 960 1997 -w,
995 1940 1062 2007 p.
1099 1916 1256 2004 250)
1307 1913 1691 2005 quaestionis
1725 1921 1947 1983 tamen
1996 1915 2456 1986 difficultatem
2492 1939 2626 1986 non

438 2034 652 2117 negat.
695 2027 828 2094 Mea
870 2024 1138 2115 quidem
1170 2023 1504 2092 sententia·
1539 2023 1929 2112 compositio
1974 2023 2044 2091 in
2085 2022 2318 2092 formis
2370 2031 2625 2094 tantum

435 2133 718 2226 pluralis
762 2139 827 2202 et
869 2131 1114 2218 dualiS,
1154 2138 1230 2200 ut
1275 2130 1496 2222 gotica·
1539 2131 1983 2210 nasi-dedum,
2035 2138 2191 2211 cet„
2247 2130 2625 2201 verisimilis

345 2283 349 2288 -
423 2248 555 2311 est:
599 2243 772 2322 Hanc
821 2231 1043 2310 autem
1091 2261 1210 2331 pro
1243 2237 1725 2319 recentissima,
1770 2237 2009 2331 agnitae
2041 2238 2183 2328 jam
2226 2237 2296 2306 in
2343 2240 2626 2310 sanseri-

434 2350 562 2420 tico
608 2350 907 2436 quei-leri,
941 2347 1148 2418 latino
1176 2350 1575 2436 cale-faeere,
1603 2345 1817 2417 simili
1848 2345 2080 2426 halim,
2124 2367 2159 2414 e
2189 2367 2319 2436 qua
2356 2347 2619 2418 nullum

435 2463 908 2547 argumentum
951 2455 1021 2524 in
1065 2455 1439 2524 universam
1485 2453 1855 2524 doctrinam
1903 2453 1983 2524 de
2027 2452 2407 2544 compositis
2440 2454 2619 2524 verbi

431 2566 664 2636 formis
707 2563 914 2657 possit
957 2562 1268 2635 conl'erri.

517 2675 614 2745 Ad
635 2674 964 2754 futurum,
993 2673 1339 2753 aoristum‚
1367 2677 1584 2741 cetera
1596 2677 1893 2764 tempora
1916 2670 2223 2740 literams
2246 2626 2617 2741 exhibentia

429 2782 812 2861 transimus,
848 2802 994 2872 quae
1023 2780 1292 2871 quidem
1326 2779 1608 2853 verbalis
1635 2778 2133 2871 compositionis
2168 2779 2464 2869 exempla
2490 2776 2613 2851 mi·-

425 2891 612 2960 nime
641 2890 852 2960 dubia
870 2889 1094 2961 haberi
1129 2889 1364 2958 solent

422 3027 433 3037 ·
451 3000 998 3089 Argumentum
1017 3019 1218 3086 quam
1239 2995 1702 3069 firmissimum
1728 2993 1987 3064 dedisse
2005 2992 2267 3063 Curtius
2286 2991 2412 3061 sibi
2433 2993 2611 3063 visus

427 3116 529 3179 est
553 3123 686 3197 q'uo
715 3106 991 3176 verbum
1021 3104 1340 3174 auxiliare
1367 3126 1444 3171 as
1467 3128 1501 3168 «
1525 3123 1674 3171 esse
1705 3128 1739 3168 »
1769 3100 2015 3171 aoristo
2046 3100 2263 3191 primo
2286 3099 2608 3171 contineri

425 3217 846 3287 confirmaret
866 3268 881 3295 ‚
944 3234 1154 3303 quum
1195 3213 1443 3285 formas
1490 3210 1719 3280 aoristi
1772 3208 2141 3278 sanseritici
2189 3208 2257 3276 in
2303 3210 2607 3279 -εἰεΙι-αηι

422 3318 785 3395 desinentis
809 3320 1032 3391 attulit
1051 3319 1529 3410 (Chronolo‘qie‚
1563 3341 1630 3408 p.
1652 3317 1761 3395 86,
1786 3317 1857 3385 in
1878 3315 2363 3406 .notula)..Quid
2382 3324 2604 3386 autem

417 3432 730 3523 amplius·
751 3454 830 3500 ex
873 3430 1010 3498 illis
1052 3448 1254 3519 quam
1291 3449 1328 3496 e
1365 3426 1600 3497 ceteris
1640 3425 1873 3495 formis
1916 3423 2185 3495 hauriri.
2225 3423 2430 3516 possit
2471 3446 2605 3495 non

423 3543 582 3612 satis
622 3534 988 3632 perspicere
1032 3558 1136 3607 me
1175 3536 1512 3625 confiteor.
1549 3536 1711 3605 Nam
1745 3534 2278 3604 terminationem
2307 3536 2603 3602 -sish-am

425 3652 630 3719 forma
647 3646 1056 3738 reduplicata
1071 3646 1254 3715 verbi
1280 3669 1356 3713 as
1371 3644 1681 3716 ‘constare
1709 3644 1888 3713 haud
1910 3664 2069 3713 sane
2094 3642 2489 3713 intellexerit
2502 3643 2605 3713 vir

423 3752 678 3835 doetus,
717 3775 924 3847 quum
955 3754 1147 3823 nulla
1177 3753 1420 3823 radicis
1450 3776 1525 3821 as
1581 3750 2041 3841 reduplicati0,
2100 3750 2229 3819 nisi
2272 3771 2457 3821 mera
2491 3774 2601 3823 vo-

421 3864 583 3935 calis
613 3886 658 3931 a
688 3860 1121 3954 productione
1151 3861 1408 3939 effecta,
1439 3859 1841 3950 reperiatur;
1880 3859 2167 3929 radicem
2200 3882 2276 3927 as
2305 3858 2375 3929 in
2410 3862 2603 3931 -sish-

422 3996 532 4040 am
561 3993 716 4041 cum
744 3972 960 4040 forma
988 3968 1150 4038 flexa
1189 3968 1489 4059 ejusdem
1531 3966 1776 4037 radicis
1796 3968 2157 4045 ¹conflatam
2198 3967 2602 4059 essepotius

421 4078 915 4173 existimaverit.
949 4077 1075 4148 Sed
1103 4077 1174 4174 -id
1199 4078 1428 4169 ipsum·
1452 4076 1669 4167 agitur
1701 4098 1787 4145 an
1816 4075 1954 4145 ulla
1973 4076 2161 4147 radix
2190 4098 2341 4145 cum
2369 4074 2601 4145 formis

477 4328 526 4376 1.
562 4326 631 4377 De
662 4324 744 4376 his
776 4322 1009 4377 omnibus
1035 4320 1148 4373 vide
1177 4321 1317 4371 Curt.
1349 4317 1659 4383 Grundzaffi
1688 4331 1740 4381 p.
1760 4318 1814 4368 61
1846 4323 1949 4382 seq'.
