3234 5150
1625 503 1694 516 -
1733 472 1838 528 124
1875 432 1955 516 --'
2035 527 2038 534 .

689 601 957 670 nomina
996 600 1246 690 aptiora
1283 599 1509 668 fuisse.
1569 598 1746 667 Unde
1783 599 1923 687 jam
1989 595 2311 686 suspicari
2346 595 2498 664 licet
2542 594 2876 664 indicativi

690 712 977 778 themata
1004 708 1085 775 ad
1121 709 1394 776 alteram
1416 729 1451 774 c
1476 707 1735 775 duabus
1763 705 2115 797 praecipuis
2143 703 2492 771 nominum
2521 703 2867 782 classibUS‚

689 816 1088 906 conjunctivi
1138 823 1203 884 et
1248 814 1514 906 optativi
1562 816 1853 883 themata
1884 813 1965 882 ad
2005 813 2278 880 alteram
2325 811 2662 879 reserenda
2700 832 2866 888 esse,

688 944 923 1013 nempe
965 923 1183 1012 priora
1234 924 1315 992 ad
1353 928 1682 1000 concreta,
1724 928 1936 990 cetera
1975 921 2055 988 ad
2094 921 2416 988 abstracta
2457 919 2724 988 nomina
2771 940 2871 985 rc-

686 1031 852 1100 dire.
886 1030 1061 1098 Hanc
1092 1030 1375 1121 denique
1400 1036 1535 1098 toto
1566 1029 1790 1098 libello
1837 1027 2243 1119 propositam
2282 1027 2482 1095 finem
2524 1025 2867 1114 attingam.

685 1365 758 1433 B.
790 1365 1304 1453 Antiquissimas
1333 1363 1736 1451 conjunctivi
1763 1372 1824 1428 et
1843 1363 2118 1449 optativi
2139 1365 2392 1449 formas
2415 1383 2458 1427 a
2482 1362 2870 1428 thematibus

1131 1471 1474 1536 nominum
1510 1471 1792 1537 actionis
1825 1470 2157 1535 derivatas
2188 1470 2420 1557 fuisse.

776 1693 1183 1783 Conjunctivi
1214 1700 1276 1762 et
1316 1691 1585 1783 optativi
1615 1713 1748 1760 non
1777 1691 2132 1781 genuinam
2161 1713 2305 1760 esse
2336 1691 2405 1760 in
2433 1691 2741 1762 omnibus
2770 1695 2872 1762 vel

686 1801 1029 1893 praesentis
1078 1799 1429 1884 classibuS,
1476 1798 1580 1868 vel
1631 1797 2069 1888 temporibus,
2120 1797 2682 1878 informationem,
2734 1822 2869 1868 uno

686 1909 999 1998 adspectu
1040 1906 1467 1996 perspicuum
1510 1905 1604 1972 fit.
1639 1906 1800 1972 Nam
1827 1926 1972 1995 quae
2001 1905 2071 1972 in
2101 1905 2332 1974 formis
2367 1905 2482 1973 ubi
2511 1906 2696 1996 signa
2727 1929 2868 1977 mo-

685 2016 923 2085 dorum
952 2013 1156 2082 radici
1188 2013 1314 2104 ipsi
1339 2012 1696 2091 adhaerent‚
1724 2015 1956 2092 hdn-a,
1981 2015 2277 2102 han-yct',
2302 1999 2641 2102 primaria
2664 2014 2868 2082 infor-

688 2123 892 2190 matio
925 2119 1223 2190 habenda
1260 2126 1384 2204 est,
1420 2140 1496 2187 ea
1530 2119 1598 2188 in
1630 2118 1862 2188 formis
1897 2119 2012 2187 uhi
2046 2120 2272 2189 eadem
2301 2121 2508 2211 signa,
2551 2144 2678 2189 non
2709 2145 2864 2190 cum

682 2226 901 2296 radice
952 2226 1167 2305 nuda,
1235 2225 1348 2294 sed
1396 2247 1548 2294 cum
1598 2227 1888 2294 themate
1931 2227 2270 2315 praesentis
2315 2229 2456 2317 jam
2507 2228 2864 2300 informato

676 2335 1078 2424 junguntur,
1131 2335 1627 2412 ἀΙιΡὶεΙι-ηάυ-α,
1678 2334 2200 2422 dhrish-nu-yct'‚
2233 2342 2389 2414 cet„
2415 2335 2558 2424 jam
2592 2358 2724 2404 non
2753 2359 2862 2426 ge-

625 2449 633 2464 ‘
684 2437 887 2506 nuina
921 2436 1146 2506 haberi
1185 2442 1426 2526 posset,
1469 2435 1598 2503 nisi
1649 2442 1724 2504 ut
1761 2435 2098 2505 derivatio.
2152 2439 2580 2508 Derivationis
2640 2449 2860 2510 autem

682 2549 747 2613 et
775 2542 1109 2640 primariae
1154 2540 1646 2612 informationis
1686 2541 1791 2610 vix
1831 2542 1968 2612 ulla
1999 2543 2144 2613 fieri
2175 2551 2389 2635 potest
2418 2547 2857 2638 comparatio:

680 2654 909 2721 formae
943 2652 1167 2742 igitur,
1204 2673 1411 2740 quum
1441 2651 1872 2741 conjunctivi,
1924 2658 2068 2722 tum
2108 2656 2402 2745 optativi,
2445 2655 2588 2725 aliae
2616 2656 2862 2746 prima-

646 2772 651 2775 '
683 2761 821 2839 riae,
856 2761 999 2828 aliae
1026 2758 1331 2827 derivatae
1366 2759 1592 2827 haberi
1638 2782 1770 2827 non
1804 2773 2093 2850 possent,
2123 2762 2252 2831 nisi
2283 2765 2420 2832 haec
2454 2764 2533 2833 ab
2562 2764 2698 2831 illis
2728 2787 2861 2834 om-

682 2868 838 2936 nino
868 2868 1392 2957 sejungerentur,
1426 2873 1489 2935 et
1517 2868 1712 2936 ambo
1741 2890 1973 2957 genera
2003 2869 2084 2937 ad
2113 2869 2403 2939 diversas
2429 2870 2698 2939 omnino
2731 2893 2860 2939 ser-

684 2974 899 3043 monis
938 2974 1369 3052 informandi,
1425 2995 1557 3041 non
1605 2975 1824 3044 solum
1880 2976 2191 3056 rationes,
2250 2978 2363 3045 sed
2414 2984 2633 3047 aetates
2680 3000 2861 3067 revo-

681 3090 1011 3152 carentur.
1053 3083 1237 3161 Quod
1267 3103 1349 3150 ne
1388 3083 1738 3151 credamus
1782 3082 1948 3152 mira
2000 3085 2347 3153 amborum
2395 3084 2566 3154 inter
2603 3106 2672 3153 se
2707 3108 2896 3177 con-¹

682 3189 983 3279 gruentia
1006 3189 1353 3280 prohibere
1368 3188 1649 3257 videtur.
1668 3190 1844 3257 Adde
1866 3192 2039 3279 quod
2061 3191 2142 3259 ad
2162 3193 2304 3281 conj
2317 3191 2610 3260 unctivos
2629 3192 2860 3281 primae
2903 3194 2907 3199 ’

682 3297 1163 3387 conjugationis
1195 3298 1539 3387 praecipuae
1570 3320 1605 3366 a
1636 3299 2038 3367 thematibus
2077 3300 2147 3367 in
2189 3324 2232 3366 a
2260 3288 2720 3368 desinentibus
2743 3321 2859 3390 per

683 3406 957 3475 alteram
994 3428 1037 3471 a
1076 3404 1368 3473 vocalem
1418 3404 1833 3484 derivandos,
1886 3406 2186 3496 analogia
2216 3407 2398 3475 nulla
2439 3428 2476 3475 e
2509 3408 2858 3475 nominum

684 3513 1124 3581 derivatione¹
1176 3510 1399 3580 afferri
1438 3518 1675 3601 potest.
1721 3512 1985 3581 Minime
2023 3513 2224 3603 igitur
2266 3514 2493 3582 dubito
2544 3520 2862 3583 monstra-

681 3629 819 3690 tam
862 3642 899 3688 a
941 3619 1159 3689 Curtio
1197 3618 1577 3710 quaestionis
1622 3619 1946 3689 solvendae
2001 3621 2173 3689 viam
2210 3628 2274 3689 et
2313 3622 2532 3711 ipsum
2576 3622 2854 3712 ingredi.

678 3730 822 3797 Jam
839 3750 1048 3817 quum
1068 3728 1213 3816 ejus
1238 3727 1843 3819 interpretationem
1860 3728 2319 3819 impugnarem
2349 3732 2598 3819 (supra,
2625 3752 2690 3819 p.
2713 3731 2853 3818 52),

658 3837 752 3904 ·in
782 3857 857 3904 eo
887 3857 993 3903 mc
1023 3835 1402 3904 doctissimo
1418 3836 1558 3904 viro
1590 3836 1896 3904 assentiri
1923 3836 2258 3925 professus
2288 3834 2460 3916 sum,
2495 3836 2669 3926 quod
2693 3837 2856 3905 exis-

682 3943 989 4011 timarem
1022 3941 1370 4009 modorum
1392 3942 1802 4025 discrimina,
1829 3963 1866 4010 e
1894 3965 2255 4033 paucarum
2276 3944 2641 4012 formarum
2660 3967 2856 4034 oppo-

682 4054 919 4123 sitione
966 4060 1133 4135 orta,
1180 4052 1330 4121 dein
1376 4054 1456 4121 ad
1504 4054 1754 4123 ceteras
1794 4054 2132 4145 praesentis
2165 4054 2406 4123 classes
2439 4060 2504 4124 et
2533 4054 2614 4123 ad
2643 4061 2853 4123 cetera

701 4377 712 4388 .
742 4308 789 4356 1.
834 4308 901 4357 De
932 4306 1237 4357 derivatione
1274 4307 1627 4367 femininorum
1658 4323 1686 4358 a
1720 4308 1932 4363 themate
1969 4312 2251 4385 masculino·
2277 4313 2330 4363 in
2367 4328 2399 4363 a
2435 4313 2696 4365 tacendum
2732 4313 2854 4367 exis·

676 4384 817 4428 timo.
