3234 5150
1339 445 1621 501 ...51-

392 567 916 650 matrie'mcztar,
947 568 1022 635 in
1041 567 1346 655 pulch-kri
1391 593 1425 632 «
1450 567 1919 636 album'facere
1952 593 2015 648 »,
2068 565 2337 658 rajr-kri
2368 588 2402 633 ι(
2429 567 2577 659 pul--

387 697 608 760 verem
653 675 870 745 facere
913 700 976 755 n,
1063 675 1421 742 matri—bke
1488 701 1522 740 (ι
1573 676 1853 744 matrem
1907 674 2049 744 fieri
2098 700 2160 757 »,
2220 675 2565 767 objiceres,

385 783 768 874 responderi
798 788 1018 874 posset
1050 782 1408 872 genuinam
1447 782 1518 851 in
1568 781 1901 873 prioribus
1950 789 2017 853 et
2062 783 2343 852 flexione
2369 785 2565 874 expli-

386 890 667 960 candam
685 888 1218 959 informationem
1241 890 1325 958 ad
1347 888 1743 982 posteriores
1762 903 1879 979 per
1897 890 2266 980 analogiam
2296 892 2567 960 transla-

385 1005 523 1067 tam
549 1019 716 1068 esse.
746 995 968 1087 Neque
1007 997 1256 1068 alitere
1273 997 1480 1066 latino
1508 1000 1887 1086 cale-facere
1912 1002 1977 1066 et
1994 997 2327 1067 similibus
2346 1000 2566 1068 adver-

384 1104 574 1173 bium
623 1103 877 1172 hauriri
914 1111 1134 1194 posset
1168 1105 1251 1173 ad
1283 1103 1619 1174 nominale
1666 1105 1888 1172 thema
1940 1105 2358 1174 referendum
2382 1107 2564 1196 'quod

381 1213 455 1282 in
488 1215 684 1283 verbo
709 1216 924 1282 calere
944 1233 1376 1304 personarum
1400 1212 1608 1302 signis
1635 1213 2032 1282 instructum
2057 1221 2352 1306 apparet,
2387 1217 2566 1285 haud

383 1343 572 1392 secus
614 1343 693 1390 ac
737 1322 919 1389 beate
953 1321 1238 1392 ‘themati
1285 1322 1472 1390 beato
1532 1319 1603 1388 in
1648 1322 1897 1390 beatu-s
1949 1321 2393 1391 referendum.
2444 1323 2568 1391 Sed

381 1429 742 1520 quominus
802 1429 974 1498 hanc
1023 1427 1432 1498 difficultatis
1491 1427 1914 1518 expediendae
1988 1427 2161 1497 viam
2236 1428 2569 1518 ingrediar

382 1536 688 1626 prohibet
724 1535 896 1606 mira
950 1525 1395 1607 mutationum
1428 1535 1741 1606 thematis
1776 1535 2145 1605 similitudo
2180 1536 2252 1613 in
2289 1537 2565 1606 sanseri-

307 1673 310 1678 ·
381 1641 556 1724 ticis,
591 1643 673 1712 de
698 1642 940 1733 quibus
973 1643 1211 1733 agitur,
1244 1643 1629 1734 compositis
1648 1650 1714 1713 et
1734 1643 2243 1712 denominativis
2268 1646 2565 1734 ejusdem

380 1750 626 1842 linguae
651 1751 978 1821 elemento
1010 1774 1097 1840 ya
1123 1751 1496 1821 informatis
1522 1775 1539 1833 ;
1592 1773 1715 1821 nec
1749 1773 1882 1822 non
1912 1751 2275 1820 latinorum
2306 1774 2567 1844 compo=

380 1859 661 1928 sitorum
691 1860 1092 1949 cale-facere,
1137 1864 1542 1950 tepe-facere,
1576 1863 1979 1949 are-facere,
2010 1865 2134 1930 cet.
2148 1910 2165 1939 ,
2191 1882 2345 1929 cum
2376 1861 2569 1932 deno·

380 1969 717 2040 minativis
759 1970 1065 2040 secundae
1104 1969 1585 2060 conjugationis
1622 1973 1859 2052 calere,
1898 1979 2135 2058 tepere,
2168 1986 2385 2053 arere,
2417 1994 2569 2042 con-

379 2077 704 2168 gruentia.
752 2078 914 2146 Cave
961 2083 1183 2147 autem
1226 2099 1310 2146 ne
1370 2099 1408 2146 e
1453 2077 1753 2164 cuci-kri,
1794 2077 2151 2166 laqha-kri,
2194 2084 2352 2160 cet„
2408 2101 2563 2149 cum

379 2198 654 2274 cuci-ya,
691 2187 1024 2275 laqhz'c-ya,
1055 2191 1170 2253 aut
1202 2183 1260 2253 si
1306 2205 1380 2254 ea
1425 2206 1558 2252 non
1599 2184 2011 2274 frequentata
2062 2185 2356 2266 fuerunt,
2408 2207 2562 2256 cum

379 2289 711 2362 similibus
734 2292 1016 2372 collatis,
1049 2296 1515 2382 argumentum
1534 2291 1761 2360 trahas
1784 2312 1917 2380 quo
1942 2278 2343 2360 elementum
2370 2315 2461 2382 ya
2492 2293 2562 2361 in

379 2398 888 2471 denominativis
925 2422 1042 2491 pro
1075 2399 1299 2470 radice
1335 2421 1424 2488 μα
1466 2423 1500 2464 «
1534 2399 1633 2468 ire
1666 2425 1701 2464 »
1734 2398 2113 2468 habendum
2142 2401 2497 2471 confirmes
2514 2403 2559 2469 ¹.

377 2504 524 2577 Haec
597 2508 774 2577 enim
844 2508 924 2603 de
989 2507 1232 2598 quibus
1290 2506 1550 2597 ‚agimus
1614 2505 1980 2598 composita
2003 2559 2019 2588 ,
2086 2528 2201 2577 seu
2268 2510 2563 2579 sanseri-·

378 2614 542 2697 tica,
595 2638 714 2685 seu
764 2616 1004 2697 latina,
1062 2622 1128 2685 et
1163 2616 1296 2684 ‘illa
1342 2636 1492 2705 quae
1542 2614 1613 2683 in
1666 2614 1865 2684 variis
1914 2616 2368 2707 temporibus,
2428 2642 2564 2689 mo·

378 2720 510 2803 dis,
572 2723 948 2813 generibus,
1001 2722 1534 2801 denominativis,
1578 2730 1945 2813 agnoscunt
2004 2724 2361 2794 adversarii
2410 2748 2561 2796 nos⁴

377 2831 498 2911 tri,
550 2831 623 2900 in
681 2831 1148 2907 diversissimis
1217 2836 1394 2901 certe
1455 2831 1781 2899 sermonis
1841 2831 2141 2900 aetatibus
2205 2832 2555 2905 informata

376 2938 646 3009 fuerint.
677 2941 842 3010 Nam
871 2944 1226 3030 calefacere
1249 2961 1404 3011 eum
1431 2941 1723 3025 calefieri
1750 2960 2135 3028 comparare
2170 2939 2331 3009 satis
2356 2948 2456 3010 est
2486 2952 2561 3013 ut

375 3047 447 3116 in
487 3054 768 3139 utroque
804 3048 1072 3141 propria
1116 3048 1337 3117 latinae
1369 3047 1637 3138 linguae,
1685 3069 1819 3116 non
1852 3047 2165 3116 omnihus
2217 3048 2559 3119 indoeuro·

376 3157 538 3248 paeis
572 3159 948 3227 eommunis
994 3156 1373 3227 informatio
1411 3155 1857 3246 dignoscatur.
1906 3157 2199 3241 {luci-kri
2236 3163 2558 3228 autem‘et

377 3264 624 3335 similia
666 3266 1028 3356 composita
1070 3288 1203 3335 non
1237 3264 1643 3335 sanseriticae
1678 3271 1965 3345 tantum,
2006 3264 2120 3333 sed
2160 3265 2559 3336 sanseriticae

377 3374 758 3445 recentioris
792 3376 1250 3466 propriasunt
1284 3399 1300 3444 z
1337 3374 1602 3444 nullum
1632 3373 1812 3443 enim
1850 3372 2177 3464 ejusmodi
2230 3374 2298 3443 in
2346 3380 2557 3445 vetus·

377 3484 542 3553 tiore
565 3483 896 3573 Rig-vedae
919 3506 1221 3555 sermone
1241 3484 1568 3576 reperitur
1583 3485 1631 3549 ⁸.
1651 3483 1789 3551 lmo
1826 3504 1863 3551 e
1896 3482 2149 3551 nostris
2174 3484 2560 3573 compositis

375 3582 596 3675 colligi
621 3606 811 3675 posse
838 3606 1026 3675 nego,
1051 3606 1260 3676 quum
1279 3584 1350 3652 in
1378 3582 1791 3661 sanseritica,
1810 3587 1955 3649 tum
1974 3581 2045 3648 in
2069 3580 2273 3651 latina
2299 3582 2552 3672 lingua,

375 3694 892 3784 compositorum
967 3689 1366 3783 exemplaria
1425 3689 1777 3769 exstitisse,
1836 3711 1877 3757 a
1935 3688 2163 3776 lingua
2242 3688 2559 3777 genitrice

437 3927 484 3978 1.
520 3924 688 3977 Latina
717 3921 988 3989 composita
1018 3922 1180 3973 sciens
1210 3920 1414 3981 omitt03
1443 3932 1560 3971 nam
1593 3919 1638 3970 si
1666 3917 1835 3969 calere
1868 3931 1897 3967 e
1932 3917 2149 3969 themate
2181 3917 2427 3969 nominali
2453 3916 2559 3983 pri-

373 3999 528 4049 mitus
565 3992 784 4062 kalacya
821 4000 1026 4046 sonante
1071 4000 1252 4044 ortum·
1267 4000 1360 4053 est,
1412 4006 1514 4043 non
1550 3990 1803 4041 elemento·
1830 4004 1901 4055 μα
1940 3992 2117 4055 facere
2154 3990 2208 4039 in
2248 3990 2562 4056 cale-facere

373 4070 655 4133 respondet,
691 4080 848 4131 quum
868 4065 980 4115 cale
997 4064 1252 4127 integrum
1275 4064 1444 4113 thema
1471 4062 1661 4125 kalaya
1679 4058 1933 4111 continere
1951 4059 2195 4111 videatur.
2290 4075 2297 4085 ·

437 4142 492 4197 2.,
520 4142 578 4191 In
603 4136 1048 4201 alcman-kriwa
1065 4135 1276 4195 vn,103‚
1292 4135 1341 4193 5,
1357 4134 1606 4184 akltlcloali
1630 4146 1765 4181 mera
1780 4130 2062 4194 interjectio
2081 4133 2329 4193 estfquus
2348 4131 2558 4182 formam

375 4212 646 4275 genuinam
673 4209 938 4260 alchkhala
954 4208 1095 4259 finxit
1109 4209 1292 4271 Sayana
1322 4207 1563 4256 adductus
1586 4202 1917 4255 similitudine
1934 4203 2116 4254 vocalis
2132 4203 2154 4252 ἱ
2174 4204 2227 4252 in
2243 4218 2394 4265 supra
2414 4203 2560 4253 dictis

374 4283 550 4333 formis
580 4284 642 4333 ab
665 4298 700 4331 a
723 4282 942 4331 mutatae.
992 4279 1216 4329 vocalem
1239 4288 1272 4327 ῖι
1296 4278 1494 4341 longam
1525 4276 1757 4327 exhibent
1791 4273 1971 4323 similis
1998 4273 2280 4337 interjectio
2305 4272 2358 4322 in
2382 4272 2560 4323 αῐαίᾶ-

375 4354 598 4407 ὺΙιαυαηι
629 4370 698 4414 iv,
727 4353 806 4412 183
830 4354 879 4412 6,
902 4344 951 4403 et
973 4351 1291 4416 adJectivum,
1317 4348 1360 4401 si
1383 4348 1519 4413 quod
1540 4354 1633 4407 est,
1657 4345 1711 4397 in
1726 4344 2197 4410 janJano‘z-bloavam
2219 4360 2318 4402 vm,
2338 4344 2419 4401 45,
2446 4345 2492 4393 8.
