3234 5150
1298 382 1576 439 ...45-

349 518 480 585 lata
521 512 800 589 servavit
833 513 962 603 (ex.
993 531 1192 582 causa
1230 519 1439 604 genus
1469 533 1550 600 9⁰
1597 512 1859 606 (vacca)
1892 533 2225 598 auroram,
2261 516 2531 600 nubem,

350 632 503 708 cet„
539 622 1002 715 amplectens),
1007 619 1327 742 judicare
1359 641 1739 712 possumus.

439 731 765 802 Classium
817 751 962 822 quae
1011 728 1108 798 sic
1159 728 1376 819 primo
1433 727 1746 818 loquendi
1789 749 1916 799 usu
1961 728 2333 814 constitutae
2385 739 2541 802 sunt

351 841 538 910 nulla
577 862 732 910 cum
765 838 1011 918 nostris
1041 837 1186 908 fieri
1217 843 1434 928 potest
1472 837 1905 928 comparatio,
1950 843 2017 908 et
2057 839 2375 930 quamdiu
2424 839 2539 908 ho-

349 948 566 1022 mines
606 948 685 1018 de
713 946 1003 1017 naturali
1033 968 1262 1018 rerum
1289 945 1761 1035 conjunctione
1790 968 1922 1015 non
1956 947 2114 1017 satis
2142 947 2539 1038 experientia

353 1057 588 1132 moniti
632 1063 810 1136 sunt,
857 1055 1116 1128 tamdiu
1156 1055 1454 1134 nomina,
1486 1055 1807 1125 classium
1841 1057 2111 1127 illarum
2146 1056 2356 1148 signa,
2398 1077 2539 1130 cer-

353 1166 540 1241 tioris
569 1187 734 1235 usus
766 1164 1013 1236 finibus
1041 1163 1386 1235 terminari
1410 1185 1544 1234 non
1568 1169 1949 1253 potuerunt.
1978 1165 2115 1234 Imo
2144 1164 2345 1235 etiam
2364 1187 2543 1239 nunc

355 1273 646 1348 definitio
676 1272 1030 1344 verborum
1061 1271 1131 1341 in
1155 1293 1470 1364 processu
1501 1278 1602 1343 est
1629 1278 1694 1343 et
1718 1294 1979 1364 semper
2002 1273 2151 1360 erit,
2181 1295 2391 1362 quum
2410 1295 2545 1344 om-

357 1383 460 1452 nis
501 1381 797 1456 doctrina
834 1381 914 1452 de
943 1380 1440 1452 definitionibus
1480 1387 1880 1471 agatneque
1911 1381 2145 1473 agendi
2174 1381 2375 1452 finem
2414 1382 2547 1453 fac-

356 1499 506 1560 tura
537 1490 644 1561 sit.
685 1489 809 1562 Sed
840 1495 914 1560 ut
941 1490 1020 1558 de
1043 1489 1470 1562 varietatibus
1496 1489 1911 1579 exquisitiori
1941 1494 2200 1565 tantum
2235 1489 2549 1562 doctrinae

355 1593 768 1669 vindicandis
792 1604 1070 1679 taceam,
1096 1597 1474 1670 existimare
1495 1597 1652 1670 licet
1673 1598 1774 1669 vel
1804 1597 1981 1689 ipsas
2013 1599 2094 1671 ad
2122 1621 2546 1670 communem

355 1707 502 1778 vitae
519 1729 717 1778 usum
738 1707 1142 1798 pertinentes
1161 1706 1408 1778 classes
1433 1727 1567 1776 non
1597 1705 1688 1776 ita
1706 1712 1969 1777 mature
1989 1708 2291 1780 definitas
2313 1708 2543 1788 fuisse,

358 1823 433 1888 ut
475 1814 529 1886 si
572 1815 833 1906 plureS‚
873 1821 1099 1886 nostro
1129 1813 1400 1905 quidem
1429 1813 1711 1904 judicio,
1746 1815 2207 1890 dissimiliores
2250 1817 2549 1889 notiones

356 1924 643 1994 univoci
677 1923 993 2013 subjectae
1031 1929 1306 2014 repertae
1344 1923 1615 2004 fuerint,
1663 1945 1783 2017 pro
1827 1931 2006 1995 certo
2040 1925 2422 1998 habendum
2466 1926 2552 1998 sit

359 2033 476 2104 uni
528 2055 607 2104 ex
663 2033 799 2102 illis
848 2038 1097 2104 ceteras
1142 2054 1262 2124 per
1311 2032 1816 2104 translationem
1882 2032 2137 2104 additas
2200 2056 2369 2114 esse,
2416 2047 2549 2105 non

360 2162 588 2212 omnes
642 2145 758 2212 aut
803 2139 1059 2232 aliquas
1105 2146 1280 2211 certe
1325 2161 1406 2210 ex
1451 2140 1568 2211 illo
1617 2147 1915 2234 tempore
1964 2143 2211 2212 servari
2256 2142 2551 2236 potuisse

359 2274 491 2344 quo
532 2249 788 2321 nullius
839 2247 1142 2319 arctioris
1187 2246 1590 2320 definitionis
1640 2271 1909 2342 sensuS,
1978 2259 2042 2322 et
2099 2251 2245 2324 ideo
2297 2251 2551 2325 nullius

359 2358 812 2431 translationis
841 2358 1146 2430 homines
1175 2358 1424 2428 conscii
1453 2359 1749 2431 fuerunt.
2210 2425 2215 2430 .
2381 2439 2383 2442 y

392 2557 398 2566 τ
448 2468 714 2538 Nostras
757 2472 822 2536 et
867 2467 1174 2556 antiquas
1221 2467 1568 2537 notionum
1614 2468 1859 2539 classes
1907 2488 2043 2538 non
2094 2490 2357 2561 semper
2402 2490 2554 2541 con-

363 2599 624 2669 gruere,
659 2565 773 2648 sed
804 2598 974 2667 saepe
1003 2575 1292 2647 diversas
1322 2576 1393 2646 in
1426 2582 1645 2669 partes
1674 2578 1855 2649 abire
1882 2599 1960 2647 ex
1990 2578 2135 2669 ipso
2169 2578 2389 2649 Curtio
2423 2578 2556 2649 dis·-

363 2708 512 2757 cere
557 2685 798 2778 possiS‚
840 2707 877 2754 a
925 2707 1054 2780 quo
1077 2684 1510 2755 Delbruckius
1556 2686 1924 2755 doctrinam
1971 2688 2052 2775 de
2090 2686 2554 2778 antiquissimo

365 2790 564 2863 sensu
590 2792 986 2885 inquirendo
1019 2799 1366 2864 mutuatus
1397 2815 1542 2864 esse
1569 2794 1829 2864 videtur
1860 2819 1875 2862 :
1918 2817 2075 2865 nam
2107 2802 2173 2865 et
2198 2795 2311 2865 ille
2345 2796 2415 2865 in
2451 2796 2553 2864 in-

363 2902 780 2973 troductione
809 2902 1134 2973 luculenti
1163 2902 1318 2971 libri
1355 2905 1749 2994 Grundzitqe
1777 2906 1895 2971 der
1929 2907 2375 2993 qriechischen
2402 2906 2558 2992 Ety-

366 3012 640 3102 moloqie
686 3010 1017 3101 inscripti,
1076 3010 1543 3101 grammaticos
1589 3011 2013 3101 reprehendit
2067 3010 2182 3101 qui
2233 3010 2557 3101 significa-

365 3119 580 3190 tiones
610 3139 838 3188 omnes
874 3118 956 3186 ad
985 3118 1381 3203 cardinaleS,
1415 3120 1570 3208 quae?
1595 3116 1933 3197 dicuntur,
1977 3116 2277 3187 notiones
2314 3117 2557 3187 referre

366 3233 700 3300 nituntur.
741 3228 905 3296 Dum
949 3233 1169 3296 autem
1203 3232 1432 3299 contra
1463 3226 1916 3296 demonstrare
1949 3226 2089 3295 vult
2129 3248 2166 3295 e
2208 3224 2558 3296 cardinali-

366 3338 492 3407 bus
525 3335 906 3405 notionibus
939 3336 1340 3427 praecipuam
1382 3336 1777 3426 quamdam,
1834 3360 1868 3401 α
1915 3335 2137 3405 videre
2188 3361 2221 3401 »
2276 3335 2557 3427 exempli

366 3467 588 3526 causa,
623 3444 960 3514 radicibus
988 3466 1169 3514 nunc
1197 3444 1524 3515 declarari
1557 3467 1703 3536 quae
1734 3445 1923 3536 prius
1956 3445 2180 3515 minus
2214 3445 2564 3519 universas

369 3554 670 3622 notiones
703 3553 1217 3644 «contemplari,
1254 3554 1607 3646 speculari,
1638 3537 1956 3646 aspicere,
1991 3576 2217 3624 cavere
2248 3580 2281 3619 »
2312 3553 2559 3643 signifi-

369 3667 707 3749 caverunt,
751 3660 1097 3752 profitetur
1139 3662 1404 3731 Curtius
1449 3663 1751 3733 notiones
1794 3665 1917 3732 has
1959 3661 2324 3752 peculiares
2371 3661 2558 3751 prius

369 3968 434 4017 ils
462 3970 575 4016 sont
604 3964 794 4015 enclins
826 3979 921 4015 aux
947 3964 1082 4014 idees
1124 3965 1376 4026 generales
1409 3970 1458 4015 et
1498 3971 1740 4017 vastes....
1774 3984 1797 4007 n
1834 3988 1890 4001 -
1926 3964 1995 4013 De
2022 3976 2250 4013 sermone
2283 3976 2559 4027 puerorum

371 4038 608 4099 magister
639 4051 781 4087 meus
798 4037 958 4098 Egger
982 4036 1442 4087 commentationem
1467 4052 1497 4087 a
1536 4051 1589 4086 se
1620 4034 1916 4098 jamdudum
1948 4034 2200 4097 scriptam,
2226 4035 2312 4083 sed
2338 4034 2559 4086 nondum

371 4110 574 4167 editam,
613 4108 738 4157 mihi
773 4108 1032 4171 legendam
1073 4108 1326 4173 peimisit;
1373 4123 1430 4159 ex
1478 4123 1578 4173 qua
1617 4109 1747 4160 hanc
1778 4106 2063 4161 ammadvei
2064 4106 2269 4164 sionem
2310 4106 2373 4157 ab
2410 4118 2557 4167 argu

371 4186 538 4257 mento
565 4193 674 4234 meo
699 4192 802 4231 non
824 4179 1054 4241 alienam
1089 4178 1312 4233 haurio:
1346 4180 1425 4249 (de
1453 4179 1735 4237 lusionibus
1764 4176 1909 4243 pueri
1937 4176 2193 4249 cujusdam
2216 4176 2401 4241 agitur)
2422 4192 2447 4223 α
2467 4175 2509 4231 J’
2512 4178 2557 4233 ai

374 4252 439 4304 v'u
451 4248 579 4305 dans
598 4264 669 4299 un
700 4250 762 4300 de
785 4263 865 4299 ces
880 4250 999 4314 jeux
1022 4251 1108 4307 des
1127 4264 1389 4303 molceaux
1413 4252 1474 4301 de
1497 4251 1604 4301 bois
1630 4255 1738 4307 tout
1756 4248 2048 4301 semblables
2070 4248 2201 4309 figui
2204 4260 2259 4296 er
2280 4261 2407 4330 pour
2440 4248 2560 4297 l'en-

374 4327 479 4380 sant
500 4324 574 4409 les
595 4335 934 4385 personnages
954 4324 1025 4373 les
1043 4324 1156 4386 plus
1182 4304 1360 4375 varies.
1393 4339 1417 4371 ιι
