3234 5150
1330 459 1608 515 ..17-

376 581 576 672 plere.
645 582 855 671 Supra
913 581 1103 650 dictis
1163 581 1368 670 igitur
1418 590 1931 650 consentaneum
1974 583 2099 652 erit
2150 584 2284 676 veri
2352 585 2561 654 futuri

379 696 630 778 (verum
660 688 806 757 dico
845 688 1020 778 quod
1065 688 1464 784 sanseriticae
1500 689 1701 758 simul
1731 697 1795 758 et
1827 713 2053 781 graecae
2106 691 2347 782 linguae
2385 715 2561 762 com-

379 819 579 866 mune
626 799 748 887 est.)
798 802 1200 866 structuram
1257 793 1411 865 cum
1454 796 1725 888 optativi
1772 803 2103 866 structura
2150 822 2557 889 comparare,

379 910 444 973 et
475 906 693 984 ambo,
738 926 945 994 quum
976 905 1281 994 prosodia
1317 910 1572 972 tantum
1606 903 1851 974 vocalis
1876 929 1945 998 ᾳ,
1986 905 2057 972 in
2102 909 2385 996 optativo
2423 909 2564 998 qui-

380 1012 530 1080 dem
571 1014 762 1102 longa
808 1013 976 1102 (ῃᾱ),
1029 1013 1098 1080 in
1140 1014 1368 1098 fu'tu'ro
1413 1017 1635 1081 autem
1682 1011 1861 1082 brevi
1903 1014 2071 1102 (yet),
2108 1014 2437 1098 differant,
2484 1016 2563 1094 ad

382 1121 679 1189 eamdem
724 1127 838 1188 aut
867 1119 1278 1188 simillimam
1313 1127 1486 1210 certe
1521 1119 1841 1210 originem
1876 1123 2141 1190 referre.
2190 1123 2267 1189 Et
2318 1125 2441 1193 hoc
2493 1145 2569 1192 eo

384 1227 817 1302 confidentius
867 1229 1043 1318 quod
1101 1227 1399 1297 eamdem
1465 1227 1785 1317 syllabam
1844 1249 1954 1318 yet,
2022 1251 2140 1319 per
2205 1252 2248 1295 α
2305 1228 2570 1300 brevem

385 1341 757 1414 exeuntem,
804 1336 1065 1405 exhibet
1111 1335 1180 1403 in
1214 1357 1424 1424 graeca
1473 1335 1699 1424 lingua
1729 1336 1954 1404 aoristi
2027 1335 2227 1427 primi
2276 1338 2566 1418 aeolicuS‚

386 1444 499 1536 qui
544 1443 811 1525 dicitur,
844 1443 1216 1535 {optativus3
1267 1451 1508 1530 λῦσε-ια,
1545 1450 1840 1526 Moe-tm,
1886 1450 2007 1512 cet.
2036 1446 2081 1510 ¹.

473 1552 744 1643 Summa
775 1552 976 1642 hujus
1028 1551 1259 1642 capitis
1291 1558 1392 1620 est
1425 1573 1462 1620 a
1502 1550 1701 1620 variis
1755 1559 2133 1642 temporum
2172 1551 2575 1624 thematibus

388 1661 882 1764 conjunctivum
919 1683 1052 1730 una
1081 1682 1339 1751 semper
1362 1665 1427 1729 et
1455 1660 1685 1729 eadem
1717 1660 1993 1742 ratione,
2032 1663 2251 1731 addita
2287 1663 2497 1732 vocali
2534 1681 2577 1730 α

381 1768 594 1846 brevi,
634 1767 998 1858 optativum
1019 1768 1242 1848 variiS‚
1273 1768 1384 1836 sed
1417 1767 1749 1836 similibus
1768 1769 1981 1836 modis
2010 1768 2318 1850 derivari,
2358 1771 2577 1840 addita

388 1876 640 1968 syllaba
670 1889 758 1966 yc‘t
797 1883 912 1944 aut
948 1899 1058 1966 ya,
1099 1881 1214 1945 aut
1248 1897 1429 1944 mera
1470 1875 1659 1943 litera
1696 1889 1745 1955 ἲ,
1792 1883 1867 1944 ut
1890 1877 2031 1966 jam
2068 1877 2384 1970 suspicari
2415 1900 2571 1968 pos-

391 2005 657 2068 sumus,
723 2005 759 2070 e
816 1985 1065 2078 syllaba
1133 1997 1222 2072 yet
1274 1983 1558 2052 coitione
1610 1983 1956 2053 literarum
2030 1991 2243 2066 orta²;
2302 2024 2384 2038 -·
2444 1985 2627 2072 haec*

392 2097 614 2169 autem
669 2091 1018 2170 modorum
1066 2089 1252 2179 signa
1303 2089 1374 2156 in
1425 2089 1659 2158 verbis'
1706 2097 1819 2158 aut
1872 2093 2282 2181 temporibus
2322 2085 2585 2184 gravio.
2631 2179 2641 2187 ·

391 2221 545 2267 rum
565 2205 627 2267 et
661 2197 984 2266 leviorum
1009 2196 1377 2264 formarum
1402 2195 1857 2265 vicissitudine
1891 2198 2115 2277 variis,
2135 2199 2253 2266 uni
2293 2201 2586 2289 semper-³

391 2311 454 2374 et
491 2304 706 2396 eidem
740 2303 1015 2374 themati
1049 2303 1226 2384 addi,
1262 2302 1546 2394 graviori
1584 2291 2013 2395 conjunctivi,
2052 2307 2280 2380 leviori
2315 2307 2585 2398 optativi

393 2411 695 2502 signum3
731 2450 816 2464 --
851 2411 1153 2501 'denique
1191 2410 1987 2482 futuri'informationem
2041 2412 2111 2480 in
2184 2435 2584 2505 unaquaque

393 2519 600 2591 trium
635 2519 1014 2611 linguarum
1037 2541 1193 2589 cum
1226 2519 1496 2610 optatlvi
1515 2519 1983 2591 informatione
2014 2529 2191 2592 arcte
2225 2525 2583 2604 cohaerere‚

381 2628 467 2699 ·in
518 2628 724 2701 latina
771 2636 1027 2711 autem,
1087 2628 1168 2699 ab
1213 2628 1358 2743 ipso
1419 2628 1838 2720 conjunctivo
1886 2638 2149 2724 sumpta
2185 2625 2409 2742 forma
2456 2654 2589 2703 una

396 2737 672 2811 absolvi.

459 2940 506 2989 1.
541 2938 675 2990 Alias
713 2939 915 3003 optativi
953 2940 1142 2989 formas
1177 2936 1417 3001 syllabam
1458 2953 1527 3002 ya
1561 2940 1765 2989 brevem
1802 2939 2089 2989 exhibentes
2121 2940 2341 2989 afferunt
2366 2938 2595 2989 Be'nfeius

399 3008 672 3076 (Abhandl.
687 3010 780 3060 der
792 3012 917 3062 Κὸη.
937 3008 1206 3063 Gesellsch.
1218 3009 1309 3058 der
1330 3008 1466 3060 Wiss.
1482 3024 1542 3057 zu
1559 3010 1843 3074 Gottinqen,
1861 3009 2003 3072 1871)
2022 3010 2322 3073 Curtiusquc
2338 3010 2458 3072 (Das
2482 3011 2595 3058 Ver-

397 3082 512 3133 bum
538 3082 630 3132 der
645 3082 836 3147 ygieclt.
864 3083 1100 3146 Spa-aelus,
1127 3078 1212 3144 11).
1236 3081 1326 3131 Sed
1343 3080 1559 3147 duhiyat
1577 3081 1759 3145 (Benf.,
1784 3096 1835 3144 p.
1856 3080 1935 3144 65)
1962 3082 2022 3131 ad
2045 3081 2209 3130 thema
2237 3080 2597 3133 denominativi

396 3153 590 3217 dultiya
627 3154 783 3203 refert
813 3152 1150 3205 Delbruckius
1187 3152 1305 3216 (Das
1358 3152 1663 3203 altindische
1698 3150 1921 3211 Verbum,
1960 3166 2008 3214 p.
2048 3150 2180 3210 205),
2224 3153 2507 3215 ἀποθείομαι
2544 3156 2597 3199 et

397 3225 584 3277 similes
625 3226 819 3289 aliquas
853 3223 1028 3291 (Benf.‚
1067 3239 1116 3287 p.
1155 3222 1234 3287 59)
1271 3226 1474 3276 Curtius
1505 3238 1596 3288 pro
1633 3223 1873 3286 legitimis
1904 3222 2207 3286 conjunctivi
2238 3222 2415 3273 formis
2446 3224 2598 3273 habet

400 3296 515 3361 (loc.
543 3297 648 3359 cit„
675 3312 726 3361 p.
747 3294 858 3359 58).'
873 3297 1041 3347 Prima
1067 3294 1275 3358 optativi
1298 3296 1568 3361 singularis
1593 3308 1805 3359 persona
1823 3294 1878 3345 in
1892 3294 2056 3358 prima
2080 3294 2431 3357 conjugatione
2463 3308 2599 3345 sans-

400 3370 570 3421 eritice
599 3383 691 3433 per
716 3384 835 3433 yam
860 3368 1094 3419 desinens
1117 3367 1224 3417 sine
1245 3367 1416 3429 dubio,
1445 3383 1567 3433 pace
1603 3367 1763 3417 Curtii
1810 3373 1877 3431 (p.
1912 3368 1990 3429 75)
2021 3366 2252 3425 dixerim,
2288 3380 2387 3417 non
2408 3366 2599 3417 Schlei-

403 3442 554 3492 chero
589 3439 642 3507 (S
688 3440 796 3504 290)
842 3447 1044 3493 auctore
1092 3438 1145 3489 in
1185 3438 1520 3506 bhare-ya-m,
1561 3441 1650 3491 sed
1698 3438 1982 3490 Delbruckii
2020 3448 2087 3504 (p.
2140 3438 2251 3503 195)
2292 3440 2515 3501 exemplo
2547 3439 2599 3487 in

402 3512 731 3577 bkarey-a-m
767 3512 1026 3562 dividenda
1063 3516 1155 3560 est.
1195 3510 1456 3573 Nunquam
1497 3512 1634 3561 enim
1667 3510 1721 3559 in
1754 3510 2049 3561 sanseritica
2092 3510 2263 3572 lingua
2296 3509 2598 3559 thematibus

404 3598 518 3647 quae
547 3583 726 3633 nonin
756 3600 808 3643 a,
829 3582 892 3643 ἃ,
921 3584 1172 3641 desinunt,
1211 3583 1388 3645 primae
1425 3584 1554 3647 sing.
1592 3589 1687 3633 act.
1730 3598 1953 3646 personae
1989 3581 2283 3633 secundaria
2316 3581 2599 3631 terminatio

400 3656 670 3707 >adhibetur
689 3671 740 3705 m
757 3655 856 3705 nisi
879 3656 1195 3707 antecedente
1221 3656 1376 3717 vocali
1392 3670 1424 3703 a
1441 3656 1649 3719 (Delbr.,
1678 3670 1727 3718 p.
1754 3654 1855 3721 24).
1878 3656 2035 3712 Quam
2058 3654 2278 3705 vocalem
2306 3653 2601 3703 necessitate

405 3728 616 3793 quadarn
638 3727 1059 3791 pronuntiationis
1097 3732 1210 3776 ante
1240 3726 1472 3776 ultimam
1503 3742 1554 3775 m
1576 3728 1924 3789 interpositam
1948 3740 2057 3776 esse
2092 3726 2237 3789 fingit
2273 3724 2604 3775 Delbruckius

411 3798 592 3864 (ibim),
631 3801 907 3850 reluctante
937 3798 1102 3849 Curtio
1138 3798 1208 3862 (Ρ.
1241 3796 1340 3861 ⁸75),
1379 3812 1470 3861 ego
1507 3812 1627 3850 vero
1658 3797 1896 3861 analogiae
1918 3799 2027 3861 lege
2060 3813 2089 3848 a
2128 3796 2307 3848 formis
2330 3797 2604 3860 praecipuae

387 3870 772 3935 conjugationis
807 3872 862 3945 in
891 3884 974 3919 am
1013 3869 1354 3919 desinentibus
1393 3876 1645 3932 sumptam
1668 3884 1776 3920 esse
1800 3869 2042 3931 existimo,
2082 3870 2179 3919 Nec
2204 3883 2304 3919 non
2353 3868 2427 3921 in
2439 3868 2602 3917 forma

409 3956 470 4005 gr
473 3958 573 3993 aeca
596 3948 712 3992 tert.
743 3938 819 4006 pl.
832 3955 1056 4005 personae
1078 3944 1257 4004 λέγοιεν
1288 3940 1466 4005 (Curt.‚
1492 3954 1540 4003 p.
1567 3940 1647 4004 75)
1680 3939 1862 3990 vocalis
1882 3959 1903 3990 ε
1918 3941 1989 3991 ad
2009 3940 2411 3991 terminationem
2439 3944 2602 4001 potest

409 4014 593 4063 referri
620 4019 679 4064 ut
700 4014 755 4063 in
783 4036 868 4071 ησ-
872 4035 928 4065 αν
946 4012 1130 4064 vocalis
1158 4029 1224 4063 ατ
1256 4012 1422 4076 quod
1410 4028 1516 4076 ipse
1536 4012 1739 4061 Curtius
1763 4012 2019 4075 agnovisse
2038 4012 2235 4063 videtur
2258 4012 2318 4061 de
2342 4009 2604 4060 sanseriti-

411 4085 484 4137 cis
505 4085 682 4137 formis
708 4092 767 4135 ut
796 4086 1042 4149 bkareyus
1071 4083 1176 4148 (aut
1194 4084 1361 4147 potius
1381 4083 1646 4149 hicat-eyter,
1666 4083 1778 4134 vide
1802 4083 1848 4134 J.
1881 4084 2235 4147 Darmcsteter‚
2258 4080 2517 4134 Memoires
2544 4078 2608 4129 de

366 4158 469 4229 la
494 4157 684 4221 Socim
709 4156 772 4207 de
796 4160 834 4208 Ι
833 4156 1155 4223 mquzstzque
1181 4156 1266 4215 111,
1291 4170 1341 4219 p.
1363 4154 1462 4220 95).
1539 4196 1546 4204 .

475 4230 524 4281 2.
562 4230 628 4280 Ea
651 4235 727 4281 est
750 4229 907 4280 Curtii
936 4228 1178 4280 sententia
1206 4229 1320 4291 (Das
1351 4227 1572 4285 Verbum,
1603 4227 1665 4286 11,
1694 4242 1744 4292 Ρ.
1768 4196 1869 4295 81).

475 4300 527 4353 5.
565 4302 789 4367 Exceptis
812 4299 1126 4365 paucissimis
1143 4300 1329 4364 linguae
1346 4312 1522 4363 graecae
1540 4299 1735 4351 formis,
1756 4286 1873 4351 Vide
1893 4312 2046 4365 supra
2064 4316 2117 4365 p.
2144 4296 2192 4349 7.
