3234 5150
1334 456 1400 464 -
1442 424 1537 479 ω
1583 456 1650 465 -

396 544 733 635 praedicati
772 567 849 614 ex
868 547 1073 616 altero
1102 548 1445 638 pendentis
1471 571 1628 617 cum
1666 549 1870 616 altero
1901 548 2016 614 illo
2052 547 2462 624 relationem,
2503 547 2570 614 in

396 651 663 729 nomine
682 653 957 722 actionis
982 655 1558 724 terminationibus
1587 679 1891 734 casuum,
1917 656 1987 722 in
2017 655 2284 724 nomine
2323 653 2575 744 agentis

394 782 477 828 ne
504 781 581 828 eo
622 762 889 850 quidem
930 765 1123 832 modo
1162 767 1452 853 eaeprimi
1500 786 1716 855 posse,
1768 767 1939 832 hanc
1990 769 2210 831 autem
2245 769 2571 830 construc-

392 866 591 935 tionis
617 868 1060 939 diversitatem
1099 894 1231 940 non
1265 893 1301 939 e
1334 871 1918 941 terminationibus
1944 892 2222 939 casuum
2249 869 2572 959 explican-

393 973 569 1053 dam,
613 975 855 1067 quippe
884 1000 1029 1067 quae
1060 979 1129 1046 in
1157 986 1439 1068 utroque
1468 969 1822 1048 nominum
1865 1001 2100 1068 genere
2139 979 2383 1047 eaedem
2414 978 2568 1056 sint,

392 1083 505 1150 sed
554 1083 634 1150 ad
666 1084 961 1175 ipsorum
987 1089 1353 1157 thematum
1378 1089 1514 1157 vim
1543 1089 2002 1157 revocandam.

477 1190 825 1280 Postquam
856 1193 941 1262 iis
966 1195 1224 1263 obviam
1254 1197 1515 1266 occurri
1540 1197 1682 1286 qui,
1709 1198 1884 1286 quod
1913 1218 1947 1265 e
1969 1195 2271 1264 sensibus
2300 1216 2578 1264 concre-·

388 1301 609 1366 torum
658 1307 723 1368 et
760 1302 1239 1372 abstractorum
1271 1306 1620 1374 nominum
1651 1306 1826 1373 inter
1852 1326 1920 1374 se
1952 1303 2349 1395 comparatis
2392 1303 2573 1372 colli-

389 1404 677 1490 gendum
712 1407 938 1488 habui,
960 1409 1027 1476 id
1059 1411 1275 1479 solum
1308 1411 1389 1478 ad
1418 1412 1552 1479 vim
1574 1411 2120 1480 terminationum
2152 1410 2569 1479 referendum

388 1513 819 1595 censuissent,
830 1516 971 1604 jam
1000 1519 1194 1588 redeo
1223 1519 1305 1587 ad
1333 1542 1531 1589 usum
1565 1519 1925 1610 utriusque
1936 1518 2195 1610 generis
2223 1517 2570 1600 nominum

390 1619 459 1687 in
494 1626 941 1693 monumentis
975 1626 1341 1696 literarum.
1374 1615 1704 1698 Concretis
1752 1628 2157 1707 nominihuS,
2198 1625 2298 1695 vel
2327 1625 2396 1693 in
2427 1646 2574 1693 sen-

387 1729 590 1797 tentia
640 1732 809 1799 nulli
865 1732 975 1800 alii
1038 1735 1355 1825 subjecta,
1419 1756 1673 1804 meram
1723 1735 2229 1804 affirmationem
2291 1731 2573 1822 exprimi

387 1859 578 1926 posse
599 1840 738 1927 ,iam
762 1840 1225 1912 demonstravi.
1249 1844 1506 1924 NulluS,
1532 1844 1601 1912 ni
1630 1844 1850 1924 fallor,
1874 1845 2356 1912 abstractorum
2386 1840 2572 1909 simi-

386 1944 471 2012 lis
498 1947 825 2036 reperitur
857 1971 1045 2028 usus,
1078 1972 1293 2040 neque
1317 1957 1392 2019 ut
1424 1952 1715 2020 «Paulus
1754 1941 2048 2032 bonus»,
2077 1951 2174 2018 sic
2196 1948 2570 2018 consecutio

387 2052 736 2124 verborum
798 2057 1014 2146 qualis
1060 2059 1147 2127 sit
1201 2059 1628 2150 «benignitas
1677 2059 1920 2128 Pauli»
1967 2058 2036 2127 in
2081 2060 2220 2128 ulla
2271 2082 2567 2150 unquam

384 2160 611 2250 lingua
659 2164 853 2252 vulgo
896 2173 1213 2257 usurpata
1265 2173 1385 2246 est,
1442 2189 1572 2256 qua
1617 2167 1794 2235 idem
1847 2166 2330 2256 significaretur
2376 2173 2570 2257 atquc

384 2270 619 2361 gallica
658 2273 982 2343 sententia
1022 2301 1053 2338 «
1087 2276 1246 2343 Paul
1270 2282 1369 2344 est
1395 2277 1527 2344 bon
1553 2302 1613 2342 ».
1647 2277 1901 2345 Rursus
1928 2276 2254 2345 concretis
2287 2276 2571 2346 nomini-

383 2375 509 2447 bus
539 2381 907 2472 (participia
948 2383 1154 2451 futuri
1185 2384 1415 2474 utique
1451 2384 1758 2475 excipio),
1793 2384 1863 2452 in
1895 2384 2216 2453 sententia
2245 2385 2414 2452 nulli
2456 2381 2570 2455 alii

384 2487 676 2577 subjecta
723 2489 891 2556 nihil
928 2490 1056 2558 nisi
1109 2511 1289 2561 mera
1342 2492 1694 2561 affirmatio
1733 2492 2012 2584 exprimi
2055 2499 2288 2584 potest.
2328 2494 2398 2561 In
2430 2517 2571 2564 sen-

382 2594 584 2664 tentia
630 2603 855 2665 autem
897 2597 1083 2666 alteri
1136 2599 1401 2668 cuidam
1456 2602 1750 2692 sthecta
1787 2608 1862 2669 ut
1913 2627 1948 2665 «
1992 2600 2104 2668 Vir
2134 2601 2346 2670 honus
2390 2626 2568 2672 ama-

381 2707 587 2782 tur»,-
634 2704 772 2792 jam
822 2704 1407 2777 animadvertimus
1458 2709 1796 2778 sententiaa
1847 2708 2058 2800 ipsius
2105 2709 2427 2778 universae
2475 2708 2562 2790 vi,

383 2808 778 2899 adJ'ectivum
861 2814 1127 2884 «bonus
1150 2841 1183 2879 »
1258 2816 1434 2884 idem
1481 2840 1555 2885 ac
1611 2818 1964 2886 verborum
2038 2817 2392 2885 circuitum
2450 2816 2566 2884 «si

382 2918 589 2987 modo·
609 2920 822 2989 honus
860 2921 944 2991 sit
970 2948 1003 2986 »
1028 2922 1421 3013 significare.
1444 2925 1568 2993 Sed
1587 2947 1935 3015 nunquam
1959 2946 2075 3014 per
2106 2948 2176 2995 se
2200 2925 2567 2995 enuntiatio

385 3047 418 3088 «
466 3026 576 3093 Vir
643 3028 856 3098 honus
899 3055 932 3094 »
966 3051 1085 3120 pro
1146 3056 1180 3095 «
1221 3031 1332 3098 Vir
1396 3033 1611 3101 bonus
1677 3033 1764 3100 sit
1796 3060 1830 3097 »
1902 3033 2274 3123 imperativi
2323 3033 2556 3112 instar,

381 3132 809 3223 conjunctivi,
877 3138 1146 3227 optat-ivi
1169 3191 1185 3219 ‚
1236 3147 1552 3230 usurpata
1588 3144 1752 3209 est¹.
1797 3140 2136 3209 Abstracta
2185 3146 2406 3209 autem
2457 3162 2566 3209 no-

381 3242 584 3324 mina,
628 3245 730 3313 vel
768 3245 838 3313 in
886 3248 1206 3316 sententia
1257 3247 1427 3315 nulli
1464 3248 1577 3316 alii
1638 3250 1955 3338 subjecta,
2005 3248 2375 3339 imperativi
2423 3249 2568 3339 (aut

381 3354 821 3445 conjunctivi)
854 3362 1075 3446 partes
1111 3356 1449 3446 suscipere
1486 3380 1678 3449 posse
1715 3360 1856 3449 jam
1891 3359 2382 3429 demonstrabo.

467 3462 881 3532 Abstractum
940 3465 1207 3554 quidem
1260 3487 1500 3534 nomen
1555 3489 1632 3535 ex
1689 3489 1806 3536 sua
1858 3468 2124 3537 notione
2183 3487 2381 3559 supra
2435 3469 2564 3536 col-

380 3566 665 3661 legeram
714 3572 903 3661 quasi
944 3580 1179 3641 natura
1220 3574 1301 3641 ad
1352 3574 1871 3644 id·destinatum
1911 3598 2078 3660 esse,
2125 3584 2199 3645 ut
2237 3589 2314 3644 ex
2361 3576 2566 3645 altero
2656 3658 2659 3661 ,

379 3676 728 3768 praedicato
770 3680 1100 3771 penderet.
1143 3681 1452 3750 Ubi-vero
1482 3683 1766 3751 alterum
1825 3684 2253 3773 praedicatum
2302 3682 2372 3751 in
2425 3704 2566 3752 sena

378 3784 581 3853 tentia
604 3805 737 3853 non
760 3786 1107 3875 reperitur,
1140 3786 1410 3854 omnino
1433 3807 1696 3854 necesse
1721 3792 1820 3855 est
1849 3793 1924 3854 ut
1952 3788 2214 3856 auditor
2239 3789 2562 3857 actionem

378 3892 644 3960 nomine
674 3894 999 3961 abstracto
1052 3894 1448 3962 declaratam
1488 3916 1565 3961 ex
1593 3894 1924 3962 intellecto
1964 3900 2248 3976 tantum,
2305 3903 2441 3976 aut,
2489 3903 2563 3963 ut

379 4001 622 4071 Brealis
657 4002 851 4071 verbo
894 4008 1043 4071 utar
1093 4003 1239 4091 (Des
1280 4004 1454 4070 ideas
1483 4006 1768 4070 >latentes
1817 4005 1907 4070 du
1946 4004 2273 4094 lanqaqe)‚
2323 4006 2563 4073 latente

442 4282 487 4331 1.
522 4280 822 4332 Germanicae
840 4280 1113 4331 locutiones
1145 4292 1267 4343 quas
1299 4280 1588 4331 Corssenius
1623 4281 1772 4329 affert
1801 4279 2080 4346 (Beltrc‘iye,
2099 4297 2149 4345 p.
2185 4278 2328 4343 495),
2365 4287 2418 4330 ut
2445 4281 2562 4333 acm

378 4347 622 4419 qeqeben!
652 4351 764 4405 still
785 4351 1088 4417 qestanden!
1110 4351 1349 4409 adverbii,
1380 4351 1433 4401 ni
1457 4352 1617 4409 fallor,
1644 4350 1874 4413 partibus
1899 4354 2194 4416 funguntur.
