3234 5150
1624 417 1904 474 „eo-

684 547 886 617 latina
917 549 1118 636 leqes,
1158 547 1390 614 audies
1447 543 1553 635 (de
1605 543 1853 634 quibus
1901 543 2051 615 vide
2099 563 2299 633 supra
2347 565 2413 634 p.
2450 544 2572 632 ,14)
2621 548 2860 619 testan-

682 661 814 724 tur.
849 652 1104 723 Similia
1127 652 1214 724 de
1243 651 1489 726 aoristo
1508 651 1646 724 dici
1676 658 1978 741 possunt,
2012 671 2135 723 nec
2168 672 2302 720 non
2330 649 2414 720 de
2451 650 2674 726 latinis
2701 657 2891 724 tem--

681 761 956 851 poribus
995 762 1066 836 in
1096 763 1199 841 bo,
1234 763 1410 838 bam,
1439 762 1532 840 vi,
1575 762 1659 838 si,
1694 781 1867 828 erem
1896 763 1941 840 ¹,
1980 760 2394 841 exeuntibuS,
2433 781 2470 828 e
2498 759 2767 850 quibua,
2802 758 2859 826 si
2894 816 2901 822 .

681 869 974 958 apertius
1009 868 1191 958 loqui
1229 869 1581 939 voluerunt
1606 867 1732 940 viri
1770 867 1945 937 docti
1992 890 2033 938 a
2070 868 2313 956 quibus
2347 867 2689 945 dissentio,
2727 887 2863 945 ver-

681 973 922 1040 borum
951 972 1374 1043 auxiliarium
1419 975 1553 1042 bhzz
1599 978 1717 1044 aut
1756 995 1833 1038 aa
1880 972 2209 1052 futurum,
2248 972 2683 1063 praeteritum,
2716 991 2862 1043 con-

675 1074 1050 1164 junctivum
1099 1076 1243 1166 (aut
1282 1076 1504 1167 potius
1533 1075 1925 1164 optativum)
1960 1075 2313 1165 quemdam
2366 1097 2597 1145 eruere
2630 1074 2861 1156 dehue-

681 1185 863 1249 runt.
891 1178 1114 1270 Neque
1137 1179 1331 1248 aliter
1360 1178 1796 1267 judicandum
1838 1185 1937 1249 est
1966 1177 2047 1256 de
2086 1179 2306 1256 debili,
2346 1179 2524 1268 quod
2563 1185 2858 1258 vocatur,

667 1281 1012 1374 praeterito
1069 1280 1601 1374 germanicarum
1668 1281 2077 1372 linguarum,
2150 1290 2267 1354 aut
2322 1284 2405 1353 de
2464 1283 2861 1374 quibusdam

679 1383 912 1474 graecis
941 1383 1258 1482 praeteriti
1287 1383 1520 1456 formis
1551 1383 1623 1457 in
1654 1393 1749 1455 θον
1794 1390 1869 1458 ut
1896 1390 2149 1477 ἔσχεθον,
2182 1385 2426 1478 quibus
2453 1386 2861 1476 praeteritum

681 1491 937 1562 radicis
973 1494 1109 1561 dha
1149 1516 1186 1557 ι(
1229 1492 1445 1565 facere
1493 1518 1528 1558 »
1560 1492 1779 1566 inesse
1808 1492 2131 1568 debuerit.
2166 1493 2238 1563 In
2274 1493 2379 1566 his
2408 1500 2477 1562 et
2508 1493 2755 1562 talibus
2786 1515 2863 1560 eo

682 1597 1072 1690 compositio
1109 1598 1424 1670 evasisset
1455 1605 1530 1674 ut
1573 1620 1787 1668 unum
1820 1599 2094 1668 verbum
2128 1620 2250 1692 pro
2282 1600 2542 1674 ceteris
2559 1601 2864 1673 termina-

682 1704 893 1788 tiones
941 1706 1266 1801 acciperet
1291 1729 1439 1804 quae
1467 1714 1548 1776 et
1579 1707 1853 1782 illorum
1895 1708 2181 1804 propriae
2214 1715 2428 1788 erant,
2464 1715 2530 1781 et
2560 1709 2655 1778 sic
2685 1695 2865 1789 notio

682 1814 862 1883 verbi
890 1815 1296 1909 praedicativi
1341 1814 1633 1909 apertius
1668 1837 1705 1886 a
1734 1815 1923 1908 signo
1953 1815 2465 1896 discerneretur,
2501 1838 2631 1914 quo
2660 1815 2867 1914 notio·

683 1942 847 1989 num
895 1921 1069 1991 inter
1113 1943 1184 1991 se
1215 1922 1595 2013 conjunctio
1627 1923 1985 1993 indicatur.
2043 1922 2227 2002 Quod
2285 1931 2350 1992 et
2398 1923 2761 2015 saepissime
2805 1907 2869 1994 et

683 2028 1198 2120 exquisitissime
1224 2030 1300 2100 fit
1326 2031 1398 2101 in
1436 2030 1663 2125 ling-ua
1694 2031 1953 2123 anglica
1983 2031 2369 2110 recentiore,
2404 2029 2707 2106 omnium
2734 2045 2870 2108 ver-

683 2129 946 2216 borum,
980 2138 1084 2208 vel
1131 2139 1479 2232 participia
1523 2139 1871 2230 praesentis
1900 2161 2053 2212 curn
2089 2138 2289 2212 verbo
2326 2138 2652 2212 declinato
2696 2141 2733 2206 I
2761 2161 2869 2206 am

689 2245 748 2334 (I
777 2269 888 2313 am
911 2248 1218 2338 sealin9)‚
1253 2247 1355 2316 vel
1400 2246 1761 2318 infinitivos
1786 2257 1939 2317 cum
1966 2249 2166 2319 verbo
2196 2246 2521 2322 declinato
2548 2246 2676 2316 Ido
2706 2247 2869 2336 (Ido

685 2351 845 2446 scal)
889 2352 1265 2448 adhibente.
1305 2353 1434 2426 Sed
1478 2353 1594 2426 illa
1635 2354 1953 2444 loquendi
2004 2355 2199 2433 ratio,
2255 2362 2333 2426 ut
2376 2354 2459 2428 ad
2495 2360 2869 2448 provectam

685 2456 1069 2550 linguarum
1101 2466 1357 2532 aetatem
1407 2461 2093 2536 accommodatissima
2140 2469 2262 2542 est,
2313 2485 2443 2557 qua
2482 2468 2701 2553 partes
2734 2483 2873 2533 sen-

685 2566 1046 2637 tentiarum
1079 2567 1358 2666 singulae
1388 2568 1696 2660 singuliS,
1731 2579 1804 2642 ut
1853 2572 1981 2644 fert
2012 2571 2321 2655 facultas,
2354 2571 2627 2669 vocibus
2668 2569 2873 2668 expri-

690 2681 990 2753 muntur,
1052 2674 1144 2748 ita
1197 2676 1483 2748 maxime
1524 2699 1564 2745 a
1614 2678 1973 2750 vetustiore
2024 2677 2348 2749 sermonis
2396 2675 2873 2745 consuetudine

689 2782 904 2854 aliena
944 2781 1234 2863 videtum
1273 2805 1395 2853 nec
1423 2784 1540 2875 qui
1571 2785 1843 2857 famosae
1878 2785 1979 2854 illi
2011 2784 2325 2856 doctrinae
2370 2783 2719 2875 indulgere
2752 2805 2873 2855 ιιο-

685 2889 960 2963 luerunt
1004 2889 1085 2961 de
1119 2890 1416 2983 subjecto
1462 2897 1528 2961 et
1582 2892 1938 2984 praedicato
1986 2892 2221 2987 copula
2268 2892 2553 2988 quadam
2609 2891 2874 2961 interse

678 2996 1061 3070 *necessario
1101 2996 1609 3095 conjungendis,
1646 2998 1972 3091 ejusmodi
2014 3000 2269 3089 copulae
2310 2998 2539 3079 usum,
2572 3019 2708 3068 non
2740 3018 2873 3069 om-

691 3103 890 3173 nibus
939 3104 1234 3195 quidem,
1296 3104 1409 3177 sed
1466 3106 1719 3201 aliquot
1774 3112 1998 3176 tamen
2050 3106 2460 3203 temporibus
2506 3105 2874 3193 debuerunt

667 3208 825 3307 'tam
854 3212 1138 3285 libenter
1185 3212 1553 3335 assignare..
1591 3212 1855 3284 Radicis
1893 3221 2116 3283 autem
2169 3238 2244 3286 as
2296 3220 2513 3309 partes
2563 3214 2633 3285 in
2674 3234 2873 3301 supra

693 3318 886 3387 dictis
915 3319 1150 3388 formis
1179 3321 1400 3391 nullas
1427 3321 1557 3390 nisi
1589 3321 1843 3412 copulae
1866 3322 2095 3401 fuisse,
2125 3322 2182 3395 si
2208 3343 2354 3421 quae
2380 3322 2575 3399 modo
2598 3320 2868 3405 fuerint,

683 3426 824 3518 jam
857 3426 1017 3495 satis
1044 3427 1671 3521 demonstravimus.

780 3533 910 3604 Nec
936 3534 1129 3625 longe
1161 3534 1530 3615 dissimilis,
1581 3543 1660 3605 ut
1692 3536 1860 3604 mihi
1894 3535 2178 3616 videtur,
2220 3535 2459 3607 radicis
2496 3560 2583 3625 μα
2622 3561 2656 3602 «
2706 3535 2804 3606 ire
2834 3560 2886 3603 ».

693 3640 764 3707 in
792 3647 1029 3731 quarta
1081 3642 1566 3739 conjugationis
1613 3642 1848 3739 classe,
1886 3649 2003 3719 aut
2048 3644 2121 3716 in
2168 3644 2551 3716 sanseritico
2584 3643 2869 3734 passivo,

693 3762 858 3815 usus
889 3764 1032 3817 esse
1074 3744 1418 3843 potuisset.
1468 3744 1653 3825 Quod
1712 3730 1793 3814 de
1838 3751 2087 3838 quartae
2136 3746 2405 3837 quidem
2452 3746 2679 3816 classis
2741 3745 2873 3829 for-

697 3850 842 3923 mis
894 3850 1082 3953 fingit
1145 3840 1407 3955 Curtius
1469 3852 1490 3942 (
1512 3854 1940 3943 Glzronoloqie
1964 3906 1981 3935 ‚
2036 3875 2105 3948 p.
2144 3854 2308 3951 .83)'
2366 3854 2564 3926 verbo
2615 3880 2648 3918 «
2698 3852 2797 3927 ire
2834 3878 2869 3923 ι)

759 4041 816 4092 1,
843 4040 1082 4103 Tempora
1111 4040 1174 4089 in·
1198 4056 1352 4102 eram,
1389 4056 1492 4099 ero,
1518 4040 1665 4100 erim,
1696 4029 1875 4099 issem,
1896 4036 2107 4091 omitto.‘
2124 4041 2245 4091 Nam
2268 4026 2351 4092 vi'x
2379 4041 2583 4091 credere
2605 4047 2877 4105 potuerunt

699 4112 798 4163 viri
827 4111 962 4161 docti
988 4111 1041 4161 in
1067 4111 1242 4161 formis
1265 4111 1499 4176 leym-am,
1527 4112 1708 4176 leqero‚
1736 4126 2034 4176 quacunque
2056 4113 2250 4163 ratione
2280 4126 2362 4161 eas
2396 4112 2673 4171 diviserint,
2708 4113 2875 4163 thema

697 4184 922 4248 perfecti,
940 4182 1208 4249 participii
1223 4183 1481 4247 proeteriti
1503 4184 1658 4234 accivi
1678 4184 1838 4241 mode,
1870 4197 1984 4234 cum
2014 4183 2306 4249 imperfecto
2330 4190 2418 4233 aut
2438 4185 2609 4234 futuro
2641 4186 2778 4235 verbi
2812 4201 2873 4235 as

652 4310 660 4317 ,
697 4256 995 4307 locutionem
1013 4256 1237 4305 effecisse
1264 4256 1435 4319 quales
1455 4263 1572 4307 sunt
1594 4253 1931 4309 usitatissimae
1965 4262 2161 4305 amatus
2184 4271 2339 4316 eram,
2376 4260 2577 4307 amatus
2604 4272 2706 4313 ero.
2734 4258 2876 4341 Ejus-

703 4326 839 4375 modi
867 4328 1041 4378 formae
1063 4326 1192 4379 oriri
1216 4340 1314 4379 non
1332 4333 1606 4391 potuerunt
1631 4326 1729 4377 nisi
1754 4326 2024 4379 secundum
2051 4327 2267 4380 aliarum
2288 4322 2585 4393 analogiam
