3234 5150
1561 372 1840 426 ...66-

613 496 693 563 ad
719 516 926 562 unum
958 456 1432 586 definitumque
1470 518 1698 564 casum
1730 496 2146 584 pertinentia,
2183 496 2322 586 ipse
2358 493 2793 562 Delbruckius

614 624 733 671 nos
782 611 1000 670 monet
1048 604 1141 693 (p.
1179 603 1358 692 198).
1402 603 1789 694 Exemplum
1823 610 1923 672 est
1957 627 1972 669 z
2011 605 2160 688 Cat.
2193 605 2308 668 Br.
2353 603 2460 679 11,
2497 603 2562 677 5,
2606 600 2669 678 6,
2722 602 2788 675 ⁶2,

615 712 980 778 dhar-altar
1024 713 1273 802 dadyctt
1301 739 1333 776 «
1357 712 1658 792 Quotidie
1683 712 1870 782 det».
1907 711 2242 802 Ejusmodi
2268 716 2487 778 autem
2517 728 2796 799 praecep-

613 826 756 888 tum
788 841 825 887 a
854 819 1183 910 cupidinis
1226 821 1443 912 potius
1489 843 1690 910 quam
1726 843 1763 888 a
1804 819 2159 888 voluntatis
2188 819 2454 888 notione
2495 815 2792 918 derivan-

614 926 776 994 dum
814 948 956 995 esse
987 927 1094 995 vix
1122 928 1243 996 ulli
1274 927 1682 1020 approbabit.

704 1033 827 1102 Sed
848 1034 929 1102 ad
950 1043 1146 1126 caput
1164 1036 1259 1104 rei
1279 1037 1516 1106 festino
1532 1042 1595 1106 et
1614 1057 1866 1106 meram
1885 1033 2242 1126 voluntatis
2260 1033 2762 1102 declarationem
2777 1083 2793 1109 ‚

619 1148 729 1211 aut
763 1143 980 1233 potius
1010 1136 1449 1212 hortationem
1490 1145 1571 1212 ad
1600 1145 1951 1233 agendum,
1987 1165 2103 1212 seu
2135 1142 2481 1222 comitum,
2519 1163 2634 1210 seu
2666 1141 2795 1220 sui,

620 1250 817 1320 etiam
848 1250 917 1319 in
949 1252 1159 1342 prima
1203 1274 1479 1342 persona
1510 1254 1795 1343 optativo
1825 1274 2199 1343 expressam
2230 1273 2396 1329 esse,
2428 1253 2552 1319 hoc
2586 1272 2802 1318 exem-

619 1359 727 1449 plo
763 1359 1143 1427 demonstro
1179 1382 1193 1424 ι
1227 1360 1325 1438 ΙΙΙ,
1369 1361 1478 1438 47,
1518 1362 1582 1437 5,
1616 1368 2111 1427 marzitvantam
2162 1361 2668 1427 vrishabhdm...
2707 1367 2806 1422 in-

622 1467 895 1533 dram...
957 1472 1234 1550 dpase...
1288 1469 1402 1533 ihd
1448 1474 1585 1534 tdm
1633 1471 1931 1547 humma,
1978 1467 2206 1536 «Cum
2254 1467 2614 1536 Marutibus
2661 1474 2806 1534 tau-

622 1596 774 1641 rum
802 1574 1064 1642 Indram
1096 1574 1329 1642 salutis
1354 1596 1552 1644 causa
1583 1576 1690 1642 hic
1722 1575 2134 1644 invocemus!
2168 1601 2200 1640 »
2237 1575 2489 1643 Similia
2519 1573 2805 1664 reperies

624 1680 797 1770 apud
840 1680 1058 1772 ipsum
1100 1682 1563 1750 Delhruckium
1617 1684 1708 1772 (p.
1765 1683 1946 1772 200),
1984 1707 2114 1773 quo
2148 1684 2372 1773 judice
2417 1683 2485 1751 hi
2536 1680 2806 1771 optativi

624 1789 813 1878 quasi
864 1790 1089 1858 futura
1137 1797 1290 1858 sunt
1333 1790 1506 1878 (vide
1553 1790 1777 1879 infra).
1853 1791 1982 1880 Ego
2048 1798 2266 1860 autem
2325 1812 2455 1857 non
2511 1788 2806 1877 intelligo

625 1897 800 1987 quod
846 1897 1204 1966 discrimen
1252 1883 1423 1965 inter
1464 1897 1794 1986 ejusmodi
1842 1897 2160 1986 optativos
2203 1897 2463 1964 intersit
2500 1902 2566 1964 et
2629 1897 2808 1960 hunc

625 2002 1119 2092 conjunctivum
1154 2025 1284 2092 quo
1321 2003 1678 2073 voluntatis
1710 2004 2064 2073 declaratio
2088 2006 2179 2095 (p.
2228 2003 2409 2092 109),
2445 1994 2559 2071 aut'
2589 2001 2808 2092 potius

628 2110 912 2177 hortatio
952 2110 1273 2178 comitum
1320 2117 1385 2178 et
1424 2110 1527 2178 sui
1572 2112 1655 2179 ad
1707 2111 2076 2179 canendum
2116 2109 2550 2199 exprimitur:
2592 2108 2664 2191 V,
2695 2108 2804 2187 51,

546 2251 565 2272 .
630 2217 736 2293 12,
772 2224 1073 2305 svastdye
1098 2225 1338 2306 vayz'cm
1372 2225 1506 2306 apa
1529 2220 1987 2298 ὂναυᾱνηαὴαί,
2022 2217 2310 2285 «Salutis
2341 2238 2540 2286 causa
2565 2217 2810 2308 Vayum

631 2322 1055 2392 invocemus!
1093 2350 1125 2387 »
1174 2324 1481 2415 Exempla
1514 2325 1612 2393 vel
1646 2325 2096 2394 manifestiora
2139 2345 2316 2392 nunc
2349 2324 2567 2414 accipe
2606 2346 2622 2388 ε
2659 2323 2808 2402 VIII,

631 2432 740 2510 85,
774 2433 838 2510 6,
873 2439 1007 2499 tdm
1046 2457 1088 2500 u
1129 2435 1475 2500 shtavc'zma
1513 2441 1599 2522 yet
1654 2435 1808 2502 imc'z'
1825 2436 2175 2524 Jajc‘z'na...
2225 2435 2509 2499 indrena
2540 2433 2812 2498 mitrdm

631 2541 1041 2608 diclhishema
1061 2542 1351 2631 qtrbhih,
1389 2543 1611 2611 «Eum
1653 2543 2000 2612 laudemus
2029 2541 2142 2633 qui
2174 2540 2288 2609 illa
2315 2539 2618 2631 genuit...
2653 2538 2812 2608 Cum

630 2647 823 2715 Indra
849 2648 1107 2716 Mitram
1136 2670 1528 2717 veneremur
1554 2650 1887 2719 cantibus!
1924 2676 1956 2714 »
1986 2649 2099 2717 llic
2122 2648 2405 2739 optativo
2445 2646 2812 2737 conjuncti-

638 2776 759 2822 vus
812 2757 1159 2846 respondet
1219 2756 1289 2823 in
1341 2756 1555 2825 vIcina
1608 2758 1950 2826 sententia.
2015 2759 2086 2825 In
2149 2763 2459 2846 sequente
2514 2754 2815 2846 exemplo

634 2861 918 2951 optativo
956 2863 1306 2953 respondet
1361 2863 1789 2955 imperativus
1828 2890 1842 2931 ε
1901 2866 1965 2944 V,
2018 2865 2128 2944 45,
2175 2866 2310 2933 12.-
2357 2865 2417 2930 ᾱ’
2460 2862 2814 2931 vedhdsam

633 2972 1163 3058 ni'laprishtham
1192 2973 1569 3039 brihdntam
1595 2974 2032 3061 brihaspa'tim
2053 2974 2303 3039 acidane
2322 2970 2815 3060 sadayadhvam

636 3112 718 3127 —-
782 3079 1250 3167 sadddyonim.
1308 3079 1507 3146 ddma
1576 3082 1637 3147 ᾱ’
1703 3084 2172 3148 άῖάίυᾶήιεαηι
2247 3082 2818 3169 hiranyavarnam

635 3189 957 3254 arushdm
987 3209 1277 3275 samma,
1317 3212 1349 3251 «
1383 3189 1596 3266 Pium,
1647 3189 1833 3279 nigro
1877 3198 2054 3279 tergo
2087 3188 2460 3279 praeditum,
2506 3205 2818 3276 magnum

506 3368 521 3375 ,
635 3293 1075 3383 Brihaspatim
1123 3294 1192 3361 in
1240 3294 1389 3363 sede
1438 3296 1680 3375 locate3
1730 3297 2063 3364 sedentem
2116 3297 2184 3364 in
2238 3296 2462 3375 altari,
2511 3294 2580 3362 in
2627 3296 2821 3363 domo

639 3399 993 3480 lucentem,
1056 3423 1359 3484 aureum,
1409 3404 1714 3481 rubrum,
1778 3404 2112 3472 colamus!
2168 3431 2201 3468 »
2257 3402 2493 3470 Ultimo
2540 3400 2825 3489 denique

640 3508 935 3597 exemplo
966 3517 1112 3577 utar
1137 3532 1264 3599 quo
1296 3511 1664 3579 sacerdotes
1709 3514 1993 3599 optativo
2023 3533 2092 3579 se
2134 3511 2412 3579 invicem
2441 3512 2818 3585 hortantur,

641 3619 1047 3705 conjunctivo
1089 3624 1313 3686 autem
1350 3617 1549 3686 deum
1598 3620 1835 3708 Agnim
1885 3622 2254 3699 hortantur,
2302 3610 2368 3684 id
2415 3622 2514 3685 est
2550 3617 2824 3705 precan-

642 3735 805 3792 tur:
848 3725 943 3801 VI,
996 3725 1101 3804 15,
1141 3725 1247 3803 10,
1280 3733 1501 3793 tdm...
1540 3730 1928 3795 dvidvamso
1969 3729 2429 3807 vidushtaram
2469 3746 2822 3813 sapema...

644 3839 721 3906 sa'
759 3832 1141 3921 yalcshad..,
1184 3840 1318 3920 pra',
1365 3836 1648 3923 havydm
1697 3844 1892 3925 aqm'r
1929 3835 2288 3901 amriteshu
2335 3842 2539 3912 vocat,
2582 3852 2630 3897 ·«
2662 3832 2825 3899 Eum

647 3938 891 4008 indocti
946 3938 1305 4008 doctiorem
1348 3941 1686 4022 colamus;
1739 3942 1797 4010 is
1832 3942 2176 4021 sacrificet,
2227 3940 2397 4009 dona
2446 3940 2644 4028 Agnis
2700 3939 2830 4007 diis

656 4046 937 4116 nuntiet!
970 4066 1001 4110 »

736 4158 815 4224 At
845 4156 1021 4225 enim
1053 4155 1166 4223 illa
1201 4163 1356 4251 sunt
1384 4157 1615 4245 primae
1638 4179 1930 4247 personae
1961 4178 2078 4226 seu
2107 4156 2407 4247 pluraliS,
2443 4180 2559 4225 seu
2587 4156 2826 4226 dualis.

654 4264 1202 4352 Antiquissimum
1228 4250 1467 4333 *autem
1505 4273 1569 4336 et
1605 4264 1880 4334 minime
1913 4266 2357 4335 adulteratum
2387 4286 2652 4335 sensum
2691 4265 2832 4333 Del-
