3234 5150
1350 440 1630 498 —912-

394 580 507 642 aut
536 571 757 663 potius
791 568 1207 661 conjunctivo
1256 579 1437 635 mera
1494 567 1836 637 Annahme
1876 569 2049 640 sicut
2084 571 2372 662 optativo
2429 593 2578 663 pro-

394 691 625 759 fertur.
690 689 847 758 Item
909 686 1092 755 nullo
1150 684 1534 754 discrimine
1585 683 1810 776 lingua
1877 688 2262 757 sanseritica
2326 689 2394 758 in
2454 690 2581 758 hoc
2643 717 2656 726 ·

394 797 689 887 exemplo
735 795 1095 886 optativum
1143 800 1442 884 usurpat,
1496 795 1932 875 Sama-Vada,
1966 797 2012 874 I,
2048 798 2109 875 1,
2147 797 2210 877 2,
2243 798 2307 875 4,
2346 798 2384 866 2
2423 800 2584 887 yddi

394 913 539 973 υῖνό
567 904 929 994 anushyc'z'd
966 910 1192 993 aqnim
1234 904 1497 970 indhitd
1530 905 2223 994 mdrtyah—-c‘zjzthvad
2254 908 2581 995 dhavydm

393 1014 697 1082 anushdlc
748 1020 977 1100 §dr-ma
1034 1011 1382 1079 bhalcshita
1422 1013 1758 1100 ddivyam,
1815 1037 1848 1076 «
1882 1011 1949 1080 Si
1996 1012 2096 1080 vir
2127 1015 2320 1093 colat,
2361 1014 2581 1105 ignem

395 1120 1065 1199 incendat‘mortali&
1102 1120 1479 1190 sacrificans
1508 1121 1758 1190 donum
1788 1121 2270 1202 convenienter,
2307 1124 2581 1193 tutelam

397 1229 712 1299 sortiatur
739 1228 1029 1298 divinam
1058 1253 1120 1308 »‚
1154 1233 1219 1296 et
1246 1227 1315 1294 in
1347 1234 1661 1317 sequente
1685 1229 2213 1319 conjunctivum,
2239 1231 2336 1310 VI,
2365 1233 2480 1312 60,
2518 1235 2582 1314 1,

396 1340 679 1426 cudthad
714 1340 995 1406 vritrdm
1032 1344 1150 1404 utd
1193 1341 1417 1406 sanoti
1461 1341 1704 1428 vasy'am
1753 1340 1956 1405 indrc‘z
2008 1348 2092 1428 ῃό
2125 1339 2306 1429 α9ηῖ’
2346 1342 2585 1414 sdhuri

398 1450 758 1535 saparyc‘z't‘,
798 1472 832 1510 «
863 1445 1076 1514 Feriat
1103 1445 1391 1514 Vritram
1424 1451 1489 1514 et
1517 1446 1769 1536 potitur
1792 1448 2040 1536 praeda,
2061 1447 2193 1537 qui
2223 1448 2486 1516 lndram
2523 1453 2588 1518 et

396 1552 631 1644 Agnim
660 1551 939 1621 victores
966 1550 1161 1619 colat.
1216 1577 1249 1615 »

485 1663 730 1732 Iterum
759 1661 829 1729 in
864 1658 1269 1730 sanscriticis
1306 1659 1627 1750 exemplis
1672 1659 1987 1750 praecipui
2019 1659 2201 1730 verbi
2229 1682 2462 1730 56115115
2491 1670 2591 1733 est

401 1793 597 1862 quem
645 1770 1039 1840 recentiores
1099 1769 1524 1838 conditionali
1573 1771 1768 1839 modo
1809 1770 2186 1861 exprimunt
2222 1794 2236 1838 ε
2274 1771 2602 1842 conditio-.

402 1880 618 1948 nalem
656 1886 877 1948 autem
905 1878 1410 1947 affirmationem
1436 1877 1506 1945 in
1540 1877 1760 1968 priore
1791 1877 2100 1968 optativo,
2136 1879 2205 1946 in
2231 1878 2590 1970 posteriore

402 1986 819 2077 conjunctivo
851 1985 988 2076 (cui
1020 1985 1416 2054 indicativus
1449 1984 1518 2053 in
1555 1986 1874 2055 sententia
1912 1985 2101 2076 quasi
2130 1988 2444 2078 parallela
2479 1988 2591 2056 ad-

404 2095 609 2184 ditur)
645 2116 1021 2185 expressam
1056 2093 1365 2161 vidimus.
1409 2094 1480 2160 In
1508 2099 1793 2183 utroque
1827 2115 1979 2162 vero
2021 2094 2274 2184 aliquid
2321 2096 2594 2186 fingitur

404 2202 579 2294 quod
603 2202 747 2271 fieri
764 2208 999 2293 potest,
1026 2223 1239 2292 neque
1271 2201 1481 2292 magis
1503 2201 1573 2269 in
1597 2223 1731 2270 una
1752 2224 1952 2291 quam
1974 2202 2042 2269 in
2066 2203 2294 2282 altera,
2315 2209 2431 2272 aut
2457 2225 2594 2273 cer-

403 2317 542 2381 tum
562 2310 746 2380 estid
766 2332 837 2379 re
868 2311 1171 2378 futurum
1199 2332 1369 2390 esse,
1392 2316 1504 2378 aut
1522 2309 1802 2378 dubium
1824 2332 1908 2378 an
1930 2311 2232 2379 futurum
2260 2311 2366 2380 sit.
2391 2311 2588 2381 Graeci

404 2417 670 2507 quidem
688 2416 1197 2485 conditionalem
1220 2417 1492 2485 modum
1516 2417 1585 2484 in
1604 2418 1962 2509 praecipua,
1987 2441 2119 2488 non
2142 2420 2586 2510 conjunctivo,

404 2524 519 2595 sed
553 2525 837 2617 optativo
864 2525 1007 2615 (aut
1035 2523 1442 2615 indicativo),
1480 2523 1702 2594 addita
1732 2525 2055 2617 particula
2103 2532 2192 2605 ἄν,
2228 2526 2594 2617 exprimere

407 2636 639 2704 solent.
674 2634 796 2704 Sed
842 2657 926 2703 116
968 2634 1368 2725 conjunctivi
1423 2634 1691 2724 quidem
1723 2657 1876 2703 cum
1915 2642 1980 2704 ἄν
2019 2657 2136 2727 pro
2169 2637 2596 2707 conditionali

406 2744 601 2812 modo
633 2743 932 2834 usurpati
979 2742 1275 2832 exempla
1332 2741 1600 2812 omnino
1649 2743 1887 2813 desunt
1919 2767 1936 2809 t
1966 2754 2039 2823 Λ,
2073 2744 2227 2823 586,
2271 2752 2340 2813 Εἰ
2385 2752 2485 2830 μὲν
2527 2752 2595 2832 δὴ

408 2857 636 2921 ἀντίόιον
662 2860 754 2920 σὺν
786 2859 999 2940 τεύχεσι
1028 2858 1371 2940 πειρηθείης,
1403 2842 1505 2919 οὖᾷι
1543 2856 1607 2919 ἄν
1641 2879 1724 2920 τοι
1747 2859 2044 2943 χραίσμῃσι
2076 2860 2193 2935 βιὸς
2221 2860 2318 2921 καὶ
2362 2863 2596 2944 ταρφέες

412 2966 503 3028 ἰοί.
534 3000 618 3011 -
637 2970 709 3042 Β,
746 2959 904 3040 488,
936 2966 1165 3043 Πληθῦν
1196 2964 1246 3025 δ’
1279 2966 1379 3027 οὐκ
1414 2970 1479 3027 ἂν
1514 2966 1632 3046 ἐγὼ
1661 2968 2001 3045 μυθήσομαι,
2029 2965 2142 3027 οὐδ’
2174 2967 2448 3048 ὀνομήνω·
2478 2966 2590 3030 οὐδ’

409 3073 463 3136 εἴ
509 3096 601 3152 μοι
646 3074 783 3136 δέκα
829 3075 931 3153 μὲν
957 3074 1236 3154 γλῶσσαι,
1269 3058 1409 3134 δέκα
1455 3073 1516 3134 δὲ
1563 3065 1786 3149 στόματ’
1818 3068 1952 3148 εἷεν,
2009 3074 2159 3155 φωνὴ
2209 3074 2257 3135 δ’
2289 3072 2592 3156 ἄρρηκτος,

408 3184 657 3264 χάλκεον
704 3182 763 3245 δέ
810 3204 901 3261 μοι
950 3179 1086 3264 ἦτορ
1118 3181 1261 3259 ἐνείη
1281 3203 1296 3218 ·
1347 3180 1396 3242 εἰ
1436 3180 1513 3259 μὴ
1544 3172 1922 3260 Ὀλυμπιάδες
1966 3182 2199 3254 Μοῦσαι,
2253 3182 2380 3256 Διὸς
2421 3182 2597 3263 αἰγιό-

407 3312 529 3374 χοιο
574 3293 899 3374 θυγατέρες,
931 3277 1256 3371 μνησαίατο,
1290 3316 1373 3339 —
1399 3292 1471 3367 A,
1516 3282 1669 3359 157,
1718 3288 1786 3351 Εἰ
1813 3290 1874 3352 δέ
1909 3312 1976 3351 κε
2011 3292 2091 3370 μὴ
2131 3291 2360 3369 δώωσιν,
2391 3290 2508 3371 ἐγὼ
2536 3292 2597 3353 δέ

411 3422 506 3463 κεν
552 3400 712 3472 αὐτὸς
757 3401 996 3477 ἕλωμαι.
1061 3391 1368 3470 Quamvis
1432 3390 1637 3480 igitur
1687 3413 1819 3458 non
1872 3391 2290 3460 infitiandum
2347 3392 2456 3474 sit,
2525 3393 2594 3460 in

416 3520 623 3589 graeca
648 3500 873 3590 lingua
922 3498 1207 3589 optativo
1239 3498 1559 3588 majorem
1591 3497 1661 3565 111
1698 3497 2083 3566 universum
2116 3499 2592 3569 dubitationem

417 3631 617 3699 quam
656 3609 1071 3699 conjunctivo
1113 3606 1495 3697 significari,
1545 3607 1920 3675 discrimen·
1950 3608 2115 3675 illud
2169 3630 2250 3676 ne
2281 3610 2352 3677 in
2384 3630 2593 3699 graeca

418 3717 683 3806 quidem
740 3716 963 3806 lingua
995 3715 1155 3784 adeo
1200 3722 1454 3783 certum
1516 3714 1996 3803 definitumque
2028 3714 2231 3783 fuisse
2266 3716 2588 3793 videmuS‚

418 3823 662 3892 nedum
714 3823 889 3891 idem
949 3822 1193 3910 linguae
1252 3820 1552 3888 omnium
1616 3821 2231 3910 indoeuropaearum
2294 3821 2594 3910 genitrici

420 3932 787 3999 necessario
820 3930 1289 4020 assignandum
1320 3930 1430 4017 sit,
1453 3938 1518 3999 et
1552 3930 1633 3997 ad
1664 3931 2019 4019 genuinam
2059 3931 2413 4020 quamdam
2459 3952 2592 3997 mo-

422 4037 657 4106 dorum
691 4038 1178 4107 distinctionem
1206 4036 1669 4106 revocandum.
2289 4060 2294 4064 ·
