3234 5150
1621 439 1938 497 -152-

684 569 986 638 secundae
1013 567 1505 659 ‘conjugationis
1539 569 1781 636 classes
1815 568 2004 636 facile
2045 568 2389 637 transferri
2430 570 2680 658 potuit,
2708 570 2870 639 clas-

682 677 866 746 sibus
896 683 1113 744 autem
1148 677 1379 766 primae
1408 675 1908 766 conjugationiS,
1939 676 2075 763 jam
2107 675 2178 742 in
2211 699 2254 742 a
2282 677 2540 745 brevem
2573 677 2869 745 desinen-

678 784 879 863 tibus,
918 784 1068 852 addi
1113 806 1244 851 non
1287 783 1607 873 potuisset
1651 783 1780 851 nisi
1837 782 2189 852 remotiore
2223 784 2505 872 quadam
2559 791 2623 852 et
2662 784 2869 873 magis

676 902 815 964 arte
853 895 997 964 ficta
1053 894 1377 983 analogia,
1434 917 1639 984 quum
1685 895 1789 961 vix
1837 893 2153 983 temporis
2199 902 2611 963 momentum
2650 916 2766 985 per
2797 916 2866 992 se

676 1004 983 1082 stetisset,
1036 1010 1100 1070 et
1132 1002 1444 1070 continuo
1484 1023 1639 1069 cum
1687 1001 2107 1070 antecedente
2147 1025 2189 1067 α
2231 1001 2410 1070 brevi
2447 1001 2679 1069 fuisset
2715 1024 2868 1070 con-

670 1114 920 1180 flatum.
970 1111 1015 1176 E
1066 1116 1243 1178 sexta
1268 1131 1419 1178 vero
1464 1109 1674 1178 classe
1709 1131 1951 1177 novum
2003 1109 2076 1176 fit
2109 1108 2424 1196 analogiae
2462 1109 2862 1199 principium

669 1219 992 1287 vocalium
1043 1241 1084 1285 a
1126 1217 1342 1285 brevis
1391 1224 1455 1284 et
1502 1231 1543 1282 ᾶ
1592 1217 1801 1305 longae
1834 1215 2182 1305 oppositio,
2219 1237 2348 1306 quo
2391 1218 2593 1284 totius
2631 1217 2863 1306 primae

668 1325 1183 1415 conjugationis,
1250 1331 1316 1392 et
1363 1324 1432 1391 in
1490 1325 1873 1392 universum
1929 1325 2295 1391 thematum
2355 1323 2424 1390 in
2475 1347 2518 1389 a
2559 1325 2862 1392 desinen-

676 1434 849 1517 ium,
890 1431 1297 1520 conjunctivi
1352 1431 1545 1499 facile
1582 1432 2020 1522 explicentur.
2839 1447 2842 1450 “

753 1541 916 1606 Dum
946 1539 1239 1628 primum
1275 1538 1672 1607 indicativus
1711 1561 1747 1606 a
1779 1538 2196 1627 conjunctivo
2227 1538 2755 1628 distinguebatur
2781 1540 2854 1607 in

666 1646 771 1714 his
795 1647 1011 1716 verbis
1041 1668 1209 1734 quae,
1247 1654 1359 1713 aut
1383 1645 1587 1713 radici
1621 1646 1815 1714 nhdae
1838 1667 2077 1714 nomen
2105 1644 2383 1714 actionis
2407 1645 2474 1711 in
2499 1669 2541 1712 a
2560 1646 2852 1726 brevem,

666 1758 781 1821 aut
808 1753 1061 1820 nomini
1090 1753 1343 1842 agentis
1368 1753 1438 1819 in
1463 1775 1505 1818 a
1539 1754 1804 1821 brevem
1831 1774 2074 1820 nomen
2109 1753 2386 1821 actionis
2424 1752 2495 1819 in
2521 1767 2564 1819 ῐι
2590 1752 2856 1842 longam

667 1859 1128 1949 opponendum
1156 1859 1399 1937 habeba
1411 1866 1502 1946 nt,
1519 1859 1709 1926 facile
1724 1859 2141 1948 intelligitur,
2163 1881 2369 1947 quum
2389 1881 2524 1926 non
2545 1881 2623 1927 ex
2646 1861 2854 1927 omni-

663 1967 792 2036 bus
820 1966 1156 2035 radicibus
1186 1951 1411 2034 o'mnia
1429 1968 1802 2034 thematum
1820 1988 2060 2055 genera
2090 1965 2442 2034 informata
2465 1974 2706 2049 essent,
2730 1989 2852 2036 nec

655 2076 797 2163 jam
826 2097 1057 2142 omnes
1085 2073 1339 2141 radices
1366 2073 1561 2140 nudae
1588 2079 2093 2161 usurparentur,
2127 2075 2419 2140 themata
2437 2073 2714 2141 actionis
2741 2096 2850 2142 ex-

664 2180 910 2250 stitisse
953 2180 1177 2269 qualia
1208 2187 1364 2248 sunt
1393 2180 1626 2269 primae
1661 2187 1724 2248 et
1748 2186 1998 2269 quartae
2020 2180 2273 2258 classiS,
2305 2201 2451 2267 quae
2482 2201 2692 2265 neque
2723 2181 2848 2248 ulli

663 2287 915 2376 agentis
932 2287 1205 2354 themati
1227 2307 1302 2353 ex
1319 2286 1546 2354 eadem
1565 2287 1782 2354 radice
1798 2287 2179 2370 informatO,
2199 2307 2410 2375 neque
2429 2286 2633 2353 radici
2651 2287 2848 2354 nudae

662 2395 898 2483 opponi
947 2399 1234 2482 possent.
1290 2393 1406 2460 Illa
1458 2414 1493 2461 e
1534 2393 1749 2482 priore
1797 2393 2081 2461 necdum
2129 2399 2389 2483 peracta
2441 2394 2847 2462 confusionis

661 2508 846 2570 aetate
882 2501 1017 2569 vim
1048 2499 1421 2567 retinebant
1462 2522 1661 2568 merae
1707 2501 2164 2569 affirmationis
2203 2501 2384 2569 haud
2429 2481 2620 2568 secus
2650 2509 2846 2591 atque

575 2662 577 2664 >
660 2610 1081 2688 hortationis,
1117 2608 1571 2695 dubitationiS‚
1607 2609 2072 2698 exprimendae.
2107 2609 2223 2676 Ubi
2263 2616 2485 2677 autem
2533 2632 2610 2677 ex
2648 2631 2846 2699 oppo-

660 2717 896 2785 sitione
928 2717 1238 2785 thematis
1264 2715 1517 2803 agentis
1539 2716 1609 2783 in
1641 2740 1684 2783 a
1711 2716 2004 2795 brevem,
2035 2724 2100 2785 et
2124 2716 2436 2784 thematis
2468 2716 2743 2785 actionis
2773 2717 2842 2783 in

658 2834 701 2887 ᾱ
731 2822 995 2912 longam
1044 2822 1433 2901 desinentiS,
1487 2844 1656 2890 nova
1703 2823 1870 2891 ratio
1914 2829 2056 2905 orta
2105 2829 2205 2891 est
2235 2822 2570 2891 indicativi
2613 2846 2649 2891 a
2689 2845 2844 2891 con-

650 2932 940 3017 junctivo
987 2928 1455 3019 distinguendi,
1504 2950 1541 2997 e
1596 2930 2000 2998 thematibus
2044 2929 2322 2998 actionis
2375 2930 2545 2998 sicut
2601 2932 2837 3012 bhdva,

648 3041 913 3126 pushya
966 3037 1300 3107 indicativi
1340 3036 1493 3104 facti
1543 3044 1722 3121 sunt,
1776 3038 1936 3105 dum
1978 3060 2014 3105 c
2064 3037 2300 3105 formis
2346 3038 2661 3127 analogiae
2698 3039 2841 3128 lege

654 3144 992 3232 productis
1026 3146 1260 3224 ὀὴάυᾱ,
1282 3148 1547 3232 pztshya
1577 3145 1977 3235 conjunctivi
2007 3144 2273 3213 fiebant.
2307 3146 2376 3211 In
2403 3144 2616 3234 prima
2636 3145 2840 3232 igitur

654 3258 719 3319 et
752 3250 822 3318 in
850 3259 1082 3340 quarta
1108 3252 1314 3319 classe
1344 3252 1635 3319 themata
1668 3252 2000 3320 indicativi
2040 3274 2294 3320 meram
2323 3252 2833 3320 affirmationem

654 3356 1045 3446 significant,
1076 3380 1233 3437 non,
1263 3364 1336 3425 ut
1366 3357 1435 3424 in
1462 3347 1668 3447 sexta,
1699 3359 1873 3447 quod
1909 3359 1992 3426 ad
2041 3358 2108 3425 id
2150 3366 2386 3426 natura
2422 3359 2669 3448 aptiora
2697 3359 2836 3427 fue-

650 3463 806 3542 rint,
838 3464 948 3530 sed
978 3464 1154 3553 quod
1182 3464 1251 3530 in
1291 3486 1335 3530 a
1361 3463 1623 3533 brevem
1659 3463 1994 3542 desinunt,
2029 3470 2102 3531 ut
2143 3464 2425 3532 themata
2455 3471 2648 3532 sextae
2672 3465 2836 3533 clas·-

649 3571 766 3639 sis.

732 3671 874 3745 Jam
923 3685 1127 3746 totam
1168 3678 1249 3745 de
1283 3678 1702 3766 conjunctivo
1745 3678 2178 3766 quaestionem
2215 3679 2587 3748 absolutam
2635 3680 2833 3764 habe-

644 3808 818 3855 mus.
868 3784 1240 3854 Ceterorum
1292 3786 1469 3853 enim
1517 3788 1912 3868 thematum,
1967 3809 2112 3875 quae
2161 3787 2232 3853 in
2263 3786 2614 3855 indicativo
2643 3808 2760 3876 per
2787 3811 2830 3855 a

639 3894 934 3971 brevem,
988 3892 1057 3959 in
1104 3894 1520 3989 conjunctivo
1580 3915 1698 3984 per
1737 3908 1778 3959 ᾶ
1828 3880 2095 3981 longam
2143 3894 2474 3973 desinunt,
2531 3916 2828 3984 quaequae

639 4001 820 4090 origo
852 4000 1076 4081 fuerit,
1105 4001 1370 4089 partitio
1399 4024 1478 4069 ex
1504 4001 1804 4090 analogia
1837 4007 2029 4069 sextae
2054 4001 2285 4069 classis
2311 4001 2620 4090 explicari
2651 4008 2828 4091 pote-

637 4108 747 4186 rit,
783 4115 858 4176 ut
888 4108 957 4176 in
987 4108 1197 4197 prima
1231 4114 1297 4175 et
1326 4115 1559 4197 quarta
1590 4109 1824 4186 classe,
1857 4114 1973 4175 aut
1997 4108 2195 4175 etiam
2219 4107 2482 4175 facilius
2505 4108 2560 4175 si
2593 4108 2831 4175 indica-

635 4215 749 4283 tivi
783 4216 1003 4283 thema
1034 4222 1111 4283 ut
1137 4238 1378 4284 nomen
1402 4216 1656 4306 agentis
1682 4215 1981 4304 agnitum
2011 4215 2161 4283 crit.
2182 4215 2574 4282 Thematum
2604 4222 2825 4283 autem

636 4342 781 4408 quae
820 4322 888 4388 in
922 4323 1333 4411 conjunctivo
1370 4345 1487 4412 per
1532 4347 1575 4389 a
1610 4323 1904 4402 brevem,
1954 4323 2023 4390 in
2058 4322 2413 4391 indicativo
2447 4344 2565 4411 per
2591 4344 2823 4411 quam·-
