3234 5150
1356 376 1633 431 *55-

408 499 717 568 fidentius
763 502 1009 581 credat,
1056 501 1122 569 id
1167 503 1342 570 velut
1376 525 1603 571 secure
1639 503 2142 593 exspectandum
2187 527 2339 574 eum
2395 506 2583 576 cdere

408 605 628 696 fingat.
678 610 1153 696 Argumentum
1193 609 1383 678 affert
1411 610 1871 700 imperativum
1907 611 2134 679 eodem
2163 633 2356 680 sensu
2390 635 2582 704 usur-

407 720 659 802 patum,
726 718 873 782 Ath.
929 719 995 782 V.
1031 719 1135 794 ΠΙ,
1186 719 1307 795 25,
1365 719 1437 795 5,
1498 721 1820 785 vincldsva
1873 727 2049 785 tvdm
2099 727 2368 806 putrdm
2427 701 2585 787 miri

408 827 526 908 yds
570 823 905 909 tz'cbhyam„
934 830 1082 908 ⁴edm
1127 831 1297 904 cisat,
1350 850 1382 889 «
1433 826 1661 891 Obtinc
1705 826 1944 901 filium,
1995 826 2262 903 semina,
2313 827 2426 915 qui
2466 826 2584 894 tihi

410 928 606 995 saluti
639 928 724 995 sit
753 953 814 1007 »,
840 931 1152 1020 additque
1183 932 1466 1021 propriis
1496 931 1710 1000 verbis
1743 933 1833 1021 (p,
1877 933 1985 1020 19)
2017 957 2029 996 ε
2063 959 2094 996 «
2123 933 2320 999 Nemo
2352 932 2587 1001 dixerit

409 1034 779 1124 imperativi
815 1037 884 1104 in
915 1038 1299 1107 sanseritica
1330 1039 1553 1127 lingua
1601 1039 1733 1106 vim
1777 1060 2011 1134 parum
2044 1039 2379 1106 definitam
2413 1061 2580 1114 essc,

410 1165 537 1230 qua
582 1143 776 1212 modo
805 1145 1142 1233 jubeatur,
1201 1147 1394 1213 modo
1435 1152 1717 1234 optetur.
1755 1172 1786 1209 »
1837 1147 1960 1234 Ego
1991 1167 2142 1213 vero
2173 1135 2588 1215 confidentis-

410 1249 964 1358 simethuamvis
1008 1255 1393 1344 imperativo
1440 1276 1571 1322 non
1621 1276 1872 1322 meram
1921 1255 2296 1344 cupidinem
2347 1255 2452 1342 (at
2506 1275 2586 1322 nc
2653 1297 2658 1304 -

409 1359 689 1447 optativo
718 1361 1036 1451 quidem),
1078 1362 1191 1430 sed
1215 1361 1656 1453 precationem
1681 1360 1959 1453 exprimi
1987 1362 2374 1452 intelligam.
2405 1361 2586 1440 Quod

408 1467 513 1534 vix
562 1465 1117 1536 demonstratione
1168 1475 1330 1558 eget.
1382 1470 1616 1537 Vatum
1679 1469 1856 1536 enim
1919 1470 2072 1536 deos
2140 1469 2586 1537 invocantium

412 1562 554 1660 quae
597 1571 802 1659 magis
833 1571 1157 1639 increbuit
1186 1573 1587 1641 consuetudo
1633 1595 1832 1661 quam
1862 1571 2246 1661 imperativo
2290 1574 2590 1662 precari?

410 1679 545 1746 Non
597 1701 701 1746 me
755 1679 926 1746 fallit
970 1679 1165 1768 (nam
1228 1681 1353 1748 hoc
1399 1701 1663 1771 quoque
1720 1689 1946 1749 contra
1999 1679 2129 1748 dici
2190 1680 2432 1770 possit)
2485 1702 2589 1748 vc·-

412 1786 590 1853 dicos
641 1787 1009 1854 sacerdotes
1070 1808 1236 1877 saepe
1289 1787 1562 1856 liberius
1610 1811 1764 1856 cum
1804 1788 1929 1856 diis
1965 1809 2178 1877 agere,
2232 1788 2364 1856 imo
2406 1788 2492 1866 vi,
2532 1787 2586 1855 si

410 1889 745 1962 verbo’uti
798 1894 973 1971 licet,
1032 1895 1285 1984 magica
1326 1917 1525 1985 quam
1568 1896 1773 1964 sacris
1829 1903 1890 1964 et
1939 1896 2344 1964 carminibus
2376 1894 2586 1963 inesse

414 1999 723 2080 credunt,
806 2003 931 2070 diis
1005 2003 1195 2092 quasi
1252 2003 1447 2091 potiri
1474 2055 1490 2083 ‚
1559 2003 1640 2070 iis
1714 2003 1916 2091 igitur
1976 2003 2302 2093 imperare
2369 2025 2581 2091 posse.

412 2110 527 2177 Sed
583 2132 715 2177 non
768 2109 834 2177 id
878 2131 1134 2200 semper
1174 2116 1409 2197 agunt,
1462 2131 1581 2177 nec
1631 2108 1928 2176 videmus
1967 2132 2074 2178 eos
2117 2111 2228 2178 ubi
2273 2110 2578 2188 demisse,

413 2239 802 2316 summaque
844 2217 1370 2286 verecundia'ad
1410 2217 1565 2284 deos
1609 2238 1678 2284 se
1723 2223 2132 2295 convertunt,
2182 2216 2423 2296 rariuS,
2471 2239 2584 2285 seu
2655 2231 2674 2248 ·

414 2325 797 2416 imperativo
823 2375 839 2402 ‚
920 2346 1034 2392 seu
1111 2323 1527 2413 conjunctivo
1598 2323 1719 2390 uti.
1791 2324 1922 2390 Hac
1985 2323 2158 2390 enim
2217 2323 2589 2412 precatione

412 2431 570 2520 quid
627 2431 946 2498 humilius
1002 2452 1143 2499 esse
1197 2431 1449 2519 potest?
1511 2430 1641 2507 VII,
1710 2431 1817 2508 89,
1878 2432 1941 2508 1,
1999 2439 2105 2497 mo
2153 2433 2276 2496 shz'c
2327 2451 2586 2497 varana

409 2541 854 2628 mrinmdyam
888 2540 1149 2627 yrihdm
1200 2539 1448 2626 rajann
1488 2539 1689 2604 ahdm
1735 2560 1999 2627 yamam
2027 2556 2109 2588 ¹—-
2147 2537 2364 2604 mrilc’z'
2397 2540 2587 2606 sulca-

410 2649 604 2714 hatra
620 2647 932 2735 mrildya‚
952 2673 983 2710 «
998 2646 1401 2725 Ne‚Varuna,
1420 2648 1624 2713 humo
1641 2646 1860 2714 fictam
1879 2646 2151 2714 domum
2167 2646 2582 2736 (tumulum),

412 2777 449 2822 o
480 2777 611 2834 rein,
642 2778 759 2844 ego
800 2755 1067 2825 adeam:
1094 2754 1429 2832 miserere,
1467 2754 1910 2843 omnipotenS‚
1952 2753 2300 2821 miserere!
2337 2779 2370 2818 »
2403 2755 2586 2823 Atta*

414 2884 563 2931 men
584 2886 847 2952 qamam
864 2861 1347 2950 conjunctivuS,
1382 2862 1678 2929 mrild'et
1704 2863 1990 2951 mrildya
2019 2861 2388 2951 imperativi
2407 2870 2582 2930 sunt.

499 2970 775 3039 Ut'nunc
806 2972 889 3039 ad
913 2970 979 3037 id
1006 2994 1043 3039 a
1076 2993 1206 3059 quo
1236 2968 1723 3059 paulolongius
1751 2969 2080 3056 digressus
2117 2990 2268 3035 sum
2294 2969 2580 3049 redeam,

411 3097 647 3164 negare
676 3078 883 3146 nolim
918 3078 1017 3146 illi
1066 3075 1400 3145 sententiae
1448 3101 1481 3138 «
1510 3096 1697 3142 senes
1745 3074 2022 3141 concilio
2069 3074 2335 3163 praesint
2365 3101 2397 3138 »
2447 3098 2586 3144 car-

415 3182 611 3249 minis
642 3183 830 3273 quasi
869 3182 1106 3272 magici
1138 3181 1271 3249 vim
1303 3180 1594 3269 aliquam
1643 3180 1880 3257 inesse,
1924 3200 2070 3247 eam
2119 3180 2320 3269 igitur
2358 3182 2587 3269 jussus

413 3291 619 3358 instar
648 3285 926 3382 exprimi
966 3290 1277 3381 potuisse.
1315 3289 1436 3357 Sed
1468 3291 1603 3356 haec
1642 3288 1808 3355 mihi
1838 3288 1940 3356 via
1975 3293 2147 3378 patet
2179 3311 2309 3378 qua
2331 3290 2475 3378 jam
2506 3290 2587 3357 ad

413 3399 717 3478 alterum,
754 3407 953 3487 supra
982 3398 1417 3488 propositum,
1447 3403 1912 3485 argumentum
1942 3401 2318 3465 transeam:
2354 3419 2588 3488 nempe

414 3527 577 3593 quos
640 3506 1057 3595 conjunctivo
1139 3504 1635 3593 antiquissimos
1708 3525 1938 3571 sensus
2015 3502 2366 3593 assignavit
2451 3505 2593 3573 Del-

412 3613 753 3692 bruckius‚
790 3636 899 3682 eos
928 3615 1029 3681 vel
1054 3613 1335 3703 optativo
1367 3634 1557 3701 posse
1586 3611 1930 3680 declarari.

499 3722 642 3789 Haec
670 3722 871 3803 enim,
906 3722 962 3788 si
995 3744 1122 3810 qua
1152 3722 1441 3799 fuerunt,
1481 3720 1733 3808 magica
1764 3725 1918 3786 sunt
1946 3718 2238 3786 carmina
2278 3744 2292 3784 z
2343 3719 2436 3798 VI,
2471 3720 2581 3798 47,

411 3830 522 3906 26,
556 3836 915 3916 veina-spate
950 3828 1268 3917 vidvc'mqo
1291 3831 1363 3894 hi
1380 3829 1689 3915 bhaycz'h,
1727 3852 1759 3889 «
1785 3826 1832 3892 Ο
1856 3824 2112 3913 lignum
2137 3825 2455 3914 (currus),
2481 3847 2587 3893 ro-

411 3936 679 4004 bustum
714 3942 885 4005 esto!
917 3963 949 4000 »
980 3976 1069 3986 —
1096 3939 1241 4002 Ath.
1283 3938 1350 4000 V.
1378 3936 1445 4014 V,
1475 3936 1581 4013 22,
1619 3935 1683 4013 2,
1721 3935 1895 3999 άάὴᾱ
1933 3936 2006 3999 hi
2037 3934 2352 3999 cakmann
2389 3942 2589 3999 (traso

412 4046 485 4110 hi
508 4046 817 4133 bhayc‘z'm
864 4045 1122 4120 «Nunc,
1166 4065 1202 4109 o
1248 4041 1473 4120 febris,
1519 4043 1832 4109 exhausta
1873 4046 2098 4108 esto.»
2141 4041 2212 4107 ln
2254 4039 2334 4107 iis
2371 4047 2586 4107 tamen

414 4153 741 4240 optativus
772 4158 1129 4239 usurpatus
1148 4156 1269 4216 est.

502 4260 795 4348 Optativo
818 4264 1138 4347 praecepta
1160 4255 1515 4344 significari
1546 4276 1756 4345 posse,
1773 4254 2074 4324 universa
2091 4254 2355 4344 quidem
2378 4276 2589 4343 neque

2311 4389 2338 4434 5
