3234 5150
1635 505 1914 560 ..74-

684 627 835 695 nolo
860 677 876 700 ‚
920 627 1089 694 nihil
1131 649 1175 694 a
1214 630 1437 715 priori
1466 627 1723 696 obstare
1755 626 2076 694 contendo
2117 626 2281 716 quin
2327 630 2392 692 et
2439 623 2541 691 illi
2593 621 2860 712 genuini

684 735 838 802 sint.

768 843 958 911 Nulla
998 843 1199 932 igitur
1224 844 1660 934 praeceptione
1703 845 1895 913 nohis
1925 843 2517 933 introspiciendum
2553 841 2680 910 erit
2707 861 2865 930 qua·

688 956 877 1018 tenus
920 950 1307 1018 Delhruckio
1364 953 1756 1020 successerit
1801 973 2034 1020 sensus
2061 951 2214 1018 illos
2257 972 2292 1018 a
2333 948 2712 1017 notionibus
2757 967 2866 1013 vo-

688 1058 963 1125 luntatis
987 1065 1102 1126 aut
1125 1058 1456 1148 cupidinis
1486 1062 1781 1138 trahere;
1819 1059 2143 1150 quamvis,
2175 1065 2524 1148 postquam
2554 1057 2866 1146 conjunc-

684 1165 797 1234 tivi
852 1171 917 1233 et
964 1166 1231 1255 optativi
1299 1186 1533 1260 sensus
1587 1167 1658 1234 in
1719 1167 2070 1259 praecipuis
2130 1166 2470 1235 sententiis
2517 1186 2652 1232 non
2707 1163 2868 1230 satis

688 1274 1033 1342 commode
1070 1296 1103 1341 a
1151 1275 1567 1363 conjunctivo
1607 1279 1869 1342 volendi
1901 1285 2016 1344 aut
2042 1276 2326 1366 optativo
2355 1274 2665 1362 cupiendi
2695 1270 2868 1340 deri-

688 1381 827 1450 vari
855 1403 1045 1472 posse
1078 1381 1199 1448 visi
1229 1388 1408 1458 sunt,
1442 1382 1547 1449 vix
1590 1405 1804 1472 operae
1834 1385 2120 1473 pretium
2157 1384 2243 1452 sit
2284 1384 2365 1451 de
2393 1381 2742 1449 modorum
2783 1379 2867 1445 si-

686 1489 1221 1580 gnificationibus
1261 1490 1331 1556 in
1352 1492 1666 1580 sthectis
1689 1493 2028 1561 sententiis
2054 1493 2232 1561 idem
2256 1492 2558 1582 pluribus
2593 1489 2868 1556 demon-

688 1606 915 1668 strare.
937 1599 1283 1688 Plerasque
1316 1600 1495 1666 enim
1516 1602 1864 1690 praecipuae
1883 1602 2147 1669 cuidam
2167 1602 2496 1690 subjectas
2511 1597 2870 1667 sententias

688 1706 932 1796 quibus
986 1707 1443 1795 conjunctivus
1494 1715 1607 1774 aut
1657 1709 1983 1798 optativus
2041 1708 2210 1774 inest
2262 1707 2351 1774 ita
2403 1707 2870 1794 interpretatur

685 1811 1110 1879 Delhruckius
1140 1819 1215 1879 ut
1244 1813 1420 1879 modi
1452 1835 1745 1891 sensum,
1798 1836 1932 1882 non
1965 1815 2045 1881 ah
2085 1814 2200 1881 illo
2234 1835 2433 1900 quem
2473 1811 2661 1878 finxit
2703 1808 2871 1876 anti-

689 1921 1007 2011 quissimo
1041 1920 1365 1989 deducere
1397 1921 1672 1998 nitatur,
1725 1922 1838 1990 sed
1872 1945 1909 1990 a
1951 1922 2184 1990 ceteris
2220 1943 2387 2009 quos
2429 1920 2570 2010 ipse
2599 1919 2868 2007 quidem
2929 1957 2934 1963 -

687 2029 943 2104 asserit,
988 2050 1107 2118 ego
1142 2033 1361 2096 autem
1398 2051 1563 2117 nego
1598 2029 1682 2097 ad
1709 2030 2112 2097 voluntatem
2143 2036 2258 2097 aut
2284 2027 2662 2117 cupidinem
2691 2047 2869 2092 revo-

687 2134 932 2202 candos
967 2157 1131 2202 esse.
1183 2138 1260 2202 At
1302 2158 1384 2204 ne
1430 2138 1586 2203 satis
1621 2136 1890 2225 quidem
1933 2136 2132 2203 fuerit
2173 2134 2466 2224 opinioni
2498 2131 2869 2201 Delhruckii

689 2245 769 2311 de
823 2243 1305 2330 antiquissimis
1362 2243 1713 2310 modorum
1767 2243 2068 2311 sensibus
2129 2243 2357 2309 eadem
2416 2239 2782 2329 objicienda
2833 2261 2870 2306 e

690 2351 1003 2439 subjectis
1040 2357 1235 2438 atque
1270 2371 1307 2416 e
1346 2350 1699 2438 praecipuis
1740 2350 2081 2418 sententiis
2126 2350 2416 2417 haurire.
2460 2349 2631 2416 Nova
2671 2349 2872 2438 igitur

690 2458 974 2546 objicere
1025 2457 1187 2522 mihi
1224 2457 1635 2546 propositum
1683 2463 1805 2525 cst.
1858 2457 2264 2546 Conjunctivi
2298 2456 2477 2524 enim
2509 2462 2575 2522 et
2607 2455 2869 2545 optativi

692 2586 924 2633 sensus
970 2563 1039 2631 in
1065 2564 1376 2653 subjectis
1416 2565 1780 2638 sententiis,
1821 2588 1950 2633 non
1985 2565 2217 2654 magiS‚
2256 2563 2537 2653 exempli
2575 2585 2798 2641 causa,
2833 2586 2869 2632 a

690 2675 913 2740 futuro
956 2672 1026 2738 in
1062 2672 1411 2761 praecipuis
1452 2694 1794 2761 expresso,
1848 2696 1994 2741 mea
2040 2673 2307 2762 quidem
2350 2671 2700 2748 sententia,
2745 2670 2870 2738 orti

694 2790 883 2858 sunt,
942 2802 1140 2869 quam
1201 2782 1321 2848 hoc
1376 2781 1596 2869 ipsum
1653 2781 1955 2849 futurum
2008 2804 2045 2849 a
2109 2802 2287 2849 mera
2349 2779 2703 2847 voluntatis
2761 2785 2872 2847 aut

692 2888 1021 2977 cupidinis
1056 2887 1518 2957 declaratione.

779 2996 1111 3063 Materiam
1170 3004 1392 3063 autem
1446 2996 1728 3065 breviter
1777 2996 2387 3086 praestringentibus
2445 2993 2871 3062 Delhruckius

693 3105 1054 3194 longiorem
1108 3104 1483 3192 partitionis
1525 3104 1700 3172 viam
1759 3104 1987 3172 iniisse
2041 3104 2298 3171 videtur
2352 3124 2551 3192 quam
2616 3108 2691 3169 ut
2741 3123 2875 3169 om-

693 3213 889 3279 nibus
945 3213 1090 3301 ejus
1144 3211 1434 3300 vestigiis
1494 3212 1840 3279 instemus.
1902 3213 2063 3277 Nam
2127 3212 2334 3301 quum
2392 3208 2872 3299 conjunctionis

693 3319 1167 3387 sententiarum
1211 3318 1280 3384 in
1313 3318 1657 3385 literarum
1695 3318 2142 3387 monumentis
2176 3317 2655 3405 antiquissimis
2689 3316 2872 3405 signa

695 3426 826 3493 sint
858 3426 1203 3493 relativum
1247 3446 1611 3514 pronomen
1658 3433 1722 3494 et
1768 3426 2196 3516 conjunctivae
2233 3425 2595 3515 particulae,
2644 3446 2679 3492 e
2714 3424 2872 3492 duo-

694 3534 820 3599 hus
868 3532 1001 3598 illis
1044 3532 1381 3620 signorum
1426 3533 1773 3621 generibus
1808 3534 2129 3601 rationem
2177 3533 2465 3622 priorem
2503 3531 2873 3621 partitionis

699 3644 1041 3706 mutuatus
1088 3645 1225 3714 est,
1282 3645 1345 3705 et
1392 3639 1471 3706 de
1528 3640 1870 3707 sententiis
1928 3662 2091 3729 quas
2148 3665 2180 3702 «
2243 3639 2546 3707 relativas
2594 3664 2627 3701 »
2689 3644 2875 3705 vocat

699 3745 883 3836 prius
953 3728 1111 3812 dicit
1182 3768 1381 3833 quam
1459 3746 1539 3812 ad
1609 3747 1966 3814 sententias
2030 3746 2466 3834 conjunctivis
2534 3744 2874 3834 particulis

696 3852 1051 3918 instructas
1094 3858 1407 3919 transeat.
1462 3852 1640 3919 Hanc
1686 3853 1970 3920 instituti
2018 3852 2268 3920 ordinis
2319 3874 2587 3920 causam
2633 3851 2875 3939 profert

696 3981 1056 4048 pronomen
1087 3960 1434 4027 relativum
1465 3961 1650 4050 prius
1683 3961 2410 4049 frequentatumfuisse
2447 3982 2647 4048 quam
2677 3958 2876 4049 parti-

696 4068 880 4136 culas
910 4068 1387 4157 conjunctivas‚
1423 4090 1707 4157 quarum
1734 4090 1886 4157 pars
1913 4070 2105 4156 longe
2131 4070 2343 4157 major
2373 4067 2604 4135 formis
2627 4089 2663 4135 e
2684 4066 2875 4135 decli-

696 4174 960 4239 natione
1005 4173 1416 4261 pronominis
1477 4173 1731 4241 relativi
1784 4173 2037 4240 haustis
2088 4178 2203 4239 aut
2257 4172 2338 4239 ab
2393 4173 2536 4260 ejus
2590 4172 2874 4237 themate

697 4279 1005 4348 derivatis
1064 4280 1454 4348 constiterit.
1496 4282 1642 4348 Haec
1675 4287 1896 4347 autem
1927 4280 2183 4354 divisio,
2221 4285 2296 4346 ut
2350 4281 2493 4367 ejus
2542 4276 2872 4367 proposito

701 4394 1130 4455 consentanea
1164 4388 1290 4455 fuit
1318 4390 1433 4475 qui
1465 4411 1597 4457 non
1623 4389 1838 4457 solum
1884 4388 2231 4456 modorum
2265 4408 2521 4463 sensus,
2557 4386 2764 4453 alium
2794 4387 2873 4453 ab
