3234 5150
1319 475 1400 495 .--
1436 445 1506 502 55
1541 475 1612 488 ·-

381 569 536 640 dam
561 579 682 664 pro
712 571 983 643 nomine
1006 571 1258 663 agentis
1289 580 1705 663 usurpatam,
1738 577 1837 640 ex'.
1876 578 2100 650 causa,
2142 571 2355 664 ipsam
2388 571 2561 643 radi*-

381 695 526 756 cem
561 681 708 747 ‘blm
762 706 796 746 «
832 679 974 751 ficri
1015 706 1050 748 »
1113 680 1182 749 in
1235 680 1462 751 vedico
1528 679 1891 772 composito
1947 681 2301 771 ma'yo-bhic
2372 706 2405 746 «
2447 679 2561 770 qui

381 787 702 863 exhilarat
722 815 784 865 n,
816 788 1138 881 proprie«
1162 789 1278 882 qui
1306 790 1380 859 fit
1403 789 1786 859 exhilaratio
1812 815 1873 856 ».
1907 789 2045 857 Imo
2073 789 2174 858 vel
2199 810 2351 880 pars
2386 810 2563 859 com·

375 895 583 988 'positi
622 898 803 989 prior
851 913 1093 970 nomen
1149 898 1395 968 radicis
1428 909 1568 967 non*
1600 897 1923 968 dissimile
1952 918 2093 966 esse
2124 903 2335 988 potest
2364 902 2437 967 ut
2464 897 2565 982 vic

386 1001 457 1070 in
488 1003 872 1074 sanseritico
915 1003 1192 1094 vio-pati
1235 1031 1269 1071 α
1305 1004 1703 1098 populorum
1740 1004 2051 1074 dominus
2082 1029 2145 1074 n.
2168 1006 2341 1075 Duas
2384 1003 2565 1076 deni-

385 1131 516 1204 que
548 1110 825 1204 radices,
862 1109 1212 1183 nominum
1271 1113 1518 1204 agentis
1570 1112 1781 1183 vicem
1824 1113 2179 1206 explenteS‚
2221 1111 2411 1202 jungi
2458 1134 2566 1202 po-

383 1214 616 1300 tuisse,
645 1241 778 1288 non
808 1221 1024 1293 solum
1060 1243 1298 1312 negare
1325 1218 1795 1291 inconsiderati
1826 1219 1939 1301 sit‚'
1960 1220 2073 1289 sed
2098 1219 2295 1291 etiam
2322 1241 2358 1288 c
2386 1240 2567 1288 voca-

381 1323 562 1402 bulis
585 1327 782 1416 quale
807 1335 908 1398 est
931 1342 1130 1419 90·ch
1159 1355 1193 1394 «
1220 1329 1461 1398 bovum
1493 1335 1715 1404 custos
1738 1353 1771 1392 »
1812 1327 2135 1418 suspicari
2168 1327 2346 1408 licet,
2374 1327 2568 1416 eujus

383 1451 539 1524 pars
574 1433 759 1524 prior
780 1458 860 1526 90
887 1461 921 1501 α
944 1435 1062 1506 bos
1098 1462 1132 1502 »
1158 1435 1328 1530 nihil
1347 1435 1477 1506 nisi
1513 1435 1803 1506 radicem
1843 1435 2117 1516 nudam,
2142 1433 2566 1528 aut-similem

381 1550 561 1611 certe
609 1541 851 1613 radicis
901 1544 1098 1616 nudae
1143 1529 1488 1616 materiam
1513 1547 1534 1584 ¹
1574 1544 1913 1614 continere
1967 1543 2247 1636 videtur.
2308 1541 2569 1612 Radicis

386 1655 608 1719 tamen
636 1649 950 1741 inffpriore
971 1658 1156 1744 parte
1185 1651 1700 1744 compositorum
1729 1649 2021 1720 nominis
2054 1647 2331 1720 actionis
2358 1648 2567 1718 vicem

381 1755 703 1850 explentis
745 1760 1010 1830 nullum
1051 1767 1150 1832 est
1192 1759 1564 1852 exemplum
1596 1758 1775 1850 quod
1816 1757 2137 1839 noverim,
2171 1757 2263 1828 ita
2296 1763 2372 1826 ut
2404 1777 2568 1827 usus

385 1867 711 1953 radicum,
735 1868 1046 1940 infinitivi
1071 1868 1266 1938 modo
1295 1890 1449 1937 cum
1475 1860 1809 1936 radicibus
1829 1867 1987 1947 dha,
2013 1889 2102 1956 ya
2122 1866 2305 1957 (vide
2331 1866 2568 1958 supra)

378 1975 792 2065 junctarum,
824 1978 1034 2058 nulla,
1071 1977 1140 2044 ni
1177 1976 1394 2057 fallor,
1431 1975 1868 2046 similitudine
1898 1973 2349 2044 confirmetur.
2384 1973 2569 2054 Quod

387 2083 588 2165 etiam
637 2088 903 2178 gravius
947 2091 1070 2166 est,
1121 2085 1308 2154 radix
1362 2107 1462 2164 as,
1501 2106 1630 2175 qua
1678 2084 1934 2153 nullam
1970 2083 2041 2152 in
2095 2082 2569 2175 compositione

385 2193 636 2262 verbali
672 2193 913 2286 saepius
945 2200 1335 2285 usurpatam
1379 2190 1919 2272 contendunt‚'in
1961 2191 2091 2259 fine
2127 2177 2567 2260 nominalium

387 2300 905 2393 compositorum
927 2351 944 2383 ‚
991 2321 1207 2392 neque
1261 2300 1438 2370 nuda
1458 2351 1475 2382 ‚
1526 2316 1746 2391 neque
1804 2298 2037 2368 suffixa
2097 2298 2419 2391 particula
2471 2299 2569 2366 in-

387 2416 666 2498 structa,
700 2411 1108 2502 frequentata
1145 2416 1269 2479 est.
1301 2408 1469 2488 Quid
1495 2413 1717 2478 autem
1752 2408 1929 2499 quod
1962 2428 1998 2477 e
2032 2407 2393 2505 composito
2427 2410 2568 2504 the·

385 2524 558 2588 mate
591 2519 866 2589 verbum
895 2517 1070 2589 effici
1099 2538 1232 2587 non
1266 2517 1456 2598 solet,
1491 2516 1622 2587 nisi
1647 2515 1867 2587 addito
1896 2515 2221 2587 elemento
2251 2516 2563 2608 quodam,

385 2633 460 2696 ut
486 2626 556 2694 in
595 2632 903 2717 οἰκοδομὲω
933 2648 1012 2698 ex
1047 2632 1338 2713 οἰκοδόμος
1385 2624 1606 2695 addito
1637 2624 1906 2717 antiquo
1936 2648 2026 2716 ya
2058 2648 2083 2725 ².
2111 2626 2563 2718 οἰκοδόμε-(])ω.

381 2733 709 2806 Illis‘vero
741 2759 889 2829 quae
931 2735 1116 2806 Pauli
1148 2734 1336 2804 finxit
1361 2734 1510 2825 (loc.
1545 2733 1689 2824 eit.)
1728 2734 2111 2828 compositis
2139 2734 2403 2805 nullum
2446 2734 2573 2804 ele—

381 2838 684 2941 mentum
716 2842 982 2915 additur
999 2862 1140 2934 ·quo
1171 2842 1443 2913 verbum
1463 2841 1601 2922 fiat,
1630 2863 1847 2931 quum·
1867 2841 1937 2909 in
1963 2841 2113 2911 aliis
2140 2842 2407 2912 nullum
2436 2865 2571 2914 orn·

381 2950 542 3021 nino
577 2952 664 3021 sit
699 2953 1324 3043 (patayaabhu-ma)‚
1376 2950 1446 3018 in
1491 2948 1640 3018 aliis
1688 2948 1918 3017 suffixa
1965 2972 2003 3017 a
2056 2949 2243 3019 docto
2294 2950 2435 3018 viro
2485 2951 2567 3019 ad

380 3059 810 3150 posteriorem
840 3058 1186 3151 compositi
1212 3064 1467 3149 partem
1493 3055 1817 3126 referatur
1850 3056 2533 3149 (pataya-bhava-ma)
2548 3104 2563 3125 .

467 3170 769 3239 Ceterum
801 3168 882 3238 de
911 3168 1271 3260 posteriore
1317 3166 1432 3235 illa
1476 3164 1807 3257 quomodo
1846 3165 2039 3235 verba
2069 3152 2571 3259 ⁶componantur

384 3271 921 3369 interpretatione
943 3276 1143 3369 ¹quod
1193 3277 1334 3367 jam
1400 3280 1627 3343 contra
1676 3273 1965 3365 priorem
2023 3275 2215 3344 attuli
2276 3282 2570 3368 repetere

383 3385 659 3476 possim,
707 3384 1132 3455 auxiliarium
1186 3373 1551 3452 multorum
1595 3404 1795 3454 usum
1846 3382 1918 3451 in
1960 3380 2321 3475 longinqua
2366 3383 2569 3453 nimis

381 3498 680 3584 tempora·
729 3494 812 3562 ab
855 3491 1248 3563 adversariis
1286 3492 1653 3564 transferri.
1693 3492 1831 3561 Imo
1870 3491 2229 3562 difficultas
2273 3514 2310 3561 e
2354 3499 2571 3583 poste·

383 3600 558 3670 riore
597 3600 813 3671 oritur
841 3623 917 3670 eo
963 3602 1179 3691 maJor
1205 3594 1398 3690 'quod
1436 3602 1582 3691 ejus
1636 3599 2015 3670 auctoribus
2044 3598 2427 3691 fingendum
2470 3605 2575 3694 est-

382 3710 581 3779 verba
628 3710 839 3779 multa
869 3709 1293 3779 auxiliarium
1327 3708 1536 3779 vicem
1567 3715 1720 3779 ante
1746 3708 1946 3780 etiam
1978 3706 2335 3800 explevisse
2366 3730 2567 3800 quarn

381 3814 524 3907 ipsa
552 3816 870 3887 declinari
898 3818 1269 3909 coepissent.
1648 3808 1653 3811 ’

469 3924 748 3995 Radices
781 3926 1050 4016 quidem
1080 3946 1212 3994 non
1239 3924 1330 3993 ita
1354 3944 1600 4016 paucas
1629 3922 1701 3992 in
1730 3924 1861 3994 fine
1891 3922 2175 3993 aliarum
2202 3923 2343 4016 jam
2374 3908 2583 4004 aser-⁰

381 4031 606 4103 monis
632 4032 1078 4124 indoeuropaei
1109 4030 1762 4121 quasi-incunabulis
1804 4030 2059 4133 additas
2088 4052 2232 4103 esse
2265 4031 2379 4106 alii
2411 4041 2568 4127 sunt

443 4302 490 4354 1.
527 4302 593 4355 ne
617 4286 870 4356 radicibus
888 4302 942 4354 in
964 4298 1255 4361 uuiversum
1276 4300 1389 4357 vide
1409 4300 1600 4357 Brealis
1625 4300 2085 4359 commentationem
2114 4302 2449 4369 (Journamec
2476 4307 2569 4360 Sa·

382 4378 547 4435 vante,
574 4375 774 4428 octobre
797 4372 958 4440 1876).
2382 4414 2387 4421 .

2294 4486 2327 4537 5
