3234 5150
1601 449 1916 506 —106-

670 567 953 643 referam
1002 580 1199 664 atque
1230 575 1577 666 participia
1624 576 1690 644 in
1720 585 1850 643 tva.
1911 576 2178 645 Illorum
2221 576 2402 644 enim
2461 577 2606 645 sine
2647 575 2844 644 dubio

666 683 887 750 thema
934 683 1001 750 in
1045 689 1153 749 ιυά
1199 690 1311 751 aut
1358 683 1427 751 in
1474 683 1585 751 tvi‘
1639 685 1810 774 (quae
1847 684 2058 753 forma
2100 684 2414 753 feminina
2449 685 2572 778 est)
2608 682 2849 751 desinit

670 790 779 874 (cf.
808 790 1031 868 Barth,
1055 791 1395 858 Memoires
1416 793 1580 859 dela
1608 793 1861 858 Societe
1885 793 1964 858 de
1995 793 2446 880 linquistique‚
2478 791 2552 870 11,
2573 813 2638 881 p.
2661 789 2845 877 258).

664 899 740 966 At
775 897 1134 966 formarum
1177 900 1495 987 yulc-tvaa
1534 899 1794 977 kriwa-d,
1818 901 2098 988 jushtvi'
2127 907 2164 967 e
2191 898 2410 968 radice
2442 901 2600 988 jush
2633 924 2665 960 «
2691 919 2848 986 gau·-

666 1005 818 1072 dere
846 1030 908 1084 »‚
942 1004 1185 1090 kritvi'‚
1206 1006 1610 1096 yuk-tva'yca
1636 1028 1767 1074 non
1792 1007 2006 1074 solum
2026 1014 2335 1075 accentus
2363 1006 2436 1074 in
2461 1005 2850 1074 secundaria

666 1107 901 1190 suffixa
935 1130 979 1174 a
1008 1113 1155 1187 stat,
1182 1108 1262 1175 ad
1292 1130 1491 1197 quam
1517 1108 1587 1176 in
1609 1109 2014 1179 derivatione
2038 1110 2379 1179 transferri
2404 1109 2640 1198 potuit,
2673 1115 2748 1178 ut
2765 1109 2850 1178 ad

664 1214 1051 1304 primariam
1088 1215 1160 1282 in
1200 1217 1525 1306 kartdvya
1570 1218 1662 1306 (et
1701 1216 1773 1286 in
1815 1219 2046 1307 tyajya
2089 1240 2204 1307 pro
2240 1219 2541 1307 tyaji-a),
2594 1216 2706 1286 sed
2740 1239 2850 1286 vo-

664 1321 825 1392 calis
856 1323 1163 1391 radicalis
1192 1324 1377 1391 nullo
1406 1324 1811 1393 incremento
1845 1333 2034 1394 aucta
2061 1339 2180 1394 est.
2212 1325 2359 1394 Tria
2393 1325 2596 1414 igitur
2619 1325 2850 1392 forma-

664 1451 812 1498 rum
842 1449 1079 1518 genera
1110 1432 1483 1519 Ιεανιάυ-ῃα,
1512 1432 1795 1511 kdrtv-a,
1829 1432 2073 1511 Ιετιυ-ά,
2107 1432 2189 1500 ad
2218 1431 2530 1522 primaria
2560 1431 2850 1500 themata

664 1539 796 1608 duo
840 1541 1095 1618 kar-tu,
1136 1541 1344 1606 kri-tu
1375 1538 1715 1608 referenda
1757 1545 1934 1606 sunt.
1968 1537 2211 1607 Usitata
2244 1538 2312 1606 in
2345 1537 2744 1605 sanseriticis
2771 1534 2852 1603 li-

663 1651 956 1714 terarum
1005 1646 1459 1714 monumentis
1497 1646 1919 1736 reperiuntur
1959 1645 2243 1713 themata
2283 1643 2596 1734 primaria
2641 1642 2848 1710 nomi-

664 1772 825 1817 num
862 1750 1140 1831 actionis
1169 1751 1240 1819 in
1279 1761 1385 1829 tu,
1423 1751 1680 1841 'prioris
1707 1758 1967 1820 tantum
2011 1749 2291 1839 exempli
2327 1750 2604 1838 (kar-tu)
2640 1749 2852 1830 instar

664 1855 1039 1937 informata,
1092 1859 1159 1925 id
1206 1865 1307 1926 est
1352 1858 1872 1945 radicalijvocali
1923 1864 2136 1938 aucta,
2199 1865 2263 1926 et
2312 1857 2536 1926 eadem
2573 1857 2842 1934 elevata,

662 1986 899 2054 nempe
922 1965 1247 2035 ‚infinitivi
1302 1966 1371 2033 in
1408 1975 1573 2034 tac-m
1616 1953 1691 2034 ut
1737 1968 2033 2055 yok—tum
2080 1965 2320 2054 quibus
2364 1965 2567 2032 latina
2617 1965 2851 2053 supina

663 2075 1081 2163 respondent.
1116 2075 1304 2164 Apud
1334 2075 1589 2142 Graecos
1645 2082 1867 2143 autem
1897 2073 2166 2141 nomina
2203 2072 2479 2140 actionis
2507 2073 2578 2139 in
2623 2101 2750 2151 τυ-ς
2776 2077 2853 2139 ut

662 2190 935 2272 βρω-τὺ-ς
975 2183 1279 2252 suffixam
1309 2183 1626 2254 elevatam
1670 2183 2013 2263 exhibent3
2053 2183 2280 2250 formae
2331 2182 2533 2270 hujus
2570 2181 2852 2271 descrip-

664 2291 863 2360 tionis
894 2291 1205 2383 primitus
1241 2292 1463 2360 forsan
1503 2292 1587 2360 iis
1629 2292 1968 2381 propiores
2008 2293 2278 2362 fuerunt
2317 2313 2354 2359 a
2395 2291 2635 2379 quibus
2665 2291 2850 2360 ahso-

664 2398 869 2467 lutiva
908 2398 1289 2468 sanseritica
1319 2404 1674 2490 potuerunt
1701 2398 2003 2467 derivari.
2529 2453 2532 2458 .

751 2505 1098 2597 Participia
1141 2506 1350 2575 futuri
1396 2506 1779 2577 sansciitica
1809 2507 1879 2575 in
1930 2530 2046 2574 am
2050 2508 2181 2595 ya,
2224 2459 2402 2575 baud
2433 2527 2624 2577 secus
2653 2511 2850 2595 atque

664 2615 828 2701 αουῖ’
831 2639 917 2703 ya
956 2640 989 2678 «
1026 2615 1311 2704 equinus
1344 2641 1377 2679 >2
1411 2636 1489 2697 ex
1522 2622 1684 2700 άςυα
1717 2641 1749 2678 «
1779 2636 1990 2704 equus
2024 2640 2086 2692 »‚
2125 2636 2160 2681 e
2188 2612 2637 2682 thematibus
2622 2634 2689 2680 m
2714 2635 2852 2679 ana

665 2722 1117 2791 desinentibus
1172 2730 1315 2791 orta
1374 2729 1554 2803 sunt,
1617 2729 1692 2791 ut
1753 2723 1987 2813 opinor
2029 2743 2147 2812 per
2187 2721 2492 2790 suffixam
2535 2744 2623 2809 ya
2671 2718 2844 2809 (ι’-α),

665 2841 873 2919 quum
931 2829 1157 2897 formae
1219 2830 1288 2898 in
1367 2854 1481 2919 ya‚
1550 2833 1691 2919 iya‚
1737 2844 1851 2919 iya
1908 2830 2277 2898 desinentes
2336 2829 2434 2895 in·
2473 2826 2850 2896 sanseritica

665 2938 884 3026 lingua
936 2938 1113 3007 idem
1140 2938 1355 3007 valere
1386 2939 1640 3007 soleant
1675 2948 1736 3006 et
1769 2940 1850 3005 ad
1875 2958 2078 3006 unam
2105 2936 2428 3025 originem
2465 2935 2846 3003 revocandae

604 3051 611 3055 ’
663 3067 807 3115 esse
867 3046 1235 3115 videantur.
1303 3045 1632 3114 Radicalis
1690 3044 1934 3113 vocalis
2005 3049 2378 3119 constanter
2443 3042 2849 3111 incremento

665 3160 965 3242 augetur,
1028 3175 1127 3222 ex.
1180 3175 1379 3222 causa
1428 3154 1499 3221 in
1550 3156 1945 3243 bhavani‘ya
1991 3174 2027 3221 e
2071 3152 2290 3221 radice
2327 3153 2456 3217 bhz‘c
2505 3176 2538 3215 «
2594 3149 2740 3218 fieri
2783 3176 2844 3229 »‚

666 3262 839 3351 quod
889 3260 1229 3350 aptissime
1274 3261 1578 3351 congruit
1617 3281 1770 3328 cum
1811 3260 2020 3328 forma
2062 3260 2416 3327 vnominum
2471 3256 2745 3325 actionis
2779 3256 2848 3323 in

607 3384 611 3388 ’
666 3392 801 3435 ana
828 3368 1119 3436 radicem
1144 3374 1517 3436 constanter
1559 3375 1818 3436 auctam
1858 3367 1928 3434 in
1971 3366 2352 3435 sanseritiea
2402 3365 2629 3453 lingua
2675 3362 2848 3431 exhi-

663 3474 985 3543 bentium.
1036 3477 1384 3553 Accentus‚
1437 3494 1642 3562 graece
1691 3474 1962 3563 pariter¹
2017 3480 2079 3541 et
2137 3472 2515 3541 sanseritice
2577 3469 2847 3537 radicali

664 3580 870 3649 vocali
902 3582 1271 3650 thematum
1321 3580 1648 3671 ejusmodi
1695 3587 1989 3651 servatus
2048 3580 2474 3671 (Schleicher‚
2527 3580 2844 3664 Compen-

666 3692 875 3770 dium,
906 3692 938 3776 ἓ
971 3689 1094 3757 221
1144 3690 1235 3778 a),
1292 3689 1361 3756 in
1407 3689 1770 3780 participiis
1827 3690 1909 3758 ad
1947 3688 2148 3756 finem
2203 3686 2502 3779 primarii
2537 3683 2848 3754 thematis

665 3796 1025 3865 translatus
1052 3796 1305 3864 fuerit².

728 3994 776 4043 1.
805 3993 1013 4043 Nomina
1048 3992 1251 4055 quidem
1294 4006 1459 4055 graeca
1483 3992 1535 4041 in
1570 4012 1650 4043 ανο
1686 3997 1744 4041 ut
1775 3996 2012 4051 κόπανο-ν,
2051 3997 2166 4049 cet„
2191 3992 2296 4056 jam
2333 4006 2432 4042 non
2465 3992 2728 4057 actionem,
2763 3994 2846 4043 sed

665 4066 1071 4123 instrumentum,
1090 4070 1183 4113 cet.
1210 4064 1509 4126 significant.
1530 4064 1791 4114 Abstracta
1825 4064 1879 4113 in
1900 4084 1976 4121 ονη
2001 4065 2250 4115 desinunt.

687 4172 692 4177 -
728 4142 780 4194 2.
802 4140 979 4193 Vedica
998 4140 1261 4205 participia
1289 4147 1343 4191 ut
1369 4140 1657 4207 yudkenya‚
1684 4156 1711 4190 e
1735 4141 1904 4191 radice
1927 4142 2062 4205 yudk
2084 4158 2107 4188 «
2142 4153 2366 4203 pugnare
2391 4156 2436 4198 n,
2467 4139 2846 4189 sanseriticisin

664 4215 825 4281 antya
848 4215 1015 4265 affinia
1048 4228 1155 4263 esse
1196 4215 1443 4265 videntur.
1481 4215 1710 4265 Graviora
1749 4220 1913 4264 tamen
1950 4214 2236 4263 discrimina
2262 4218 2381 4263 sunt
2412 4211 2640 4267 radicalis
2662 4211 2846 4261 vocalis

666 4284 929 4347 integritas
964 4292 1014 4335 et
1048 4286 1226 4347 primm
1263 4282 1443 4336 vocalis
1485 4285 1676 4335 sufflxae
1705 4290 1900 4338 natura.
1941 4284 2189 4347 Ejusmodi
2227 4284 2409 4334 formas
2437 4288 2496 4333 ut
2539 4281 2850 4333 obscuriores

668 4358 858 4406 omitto.
2443 4384 2448 4390 -
2702 4383 2710 4389 -
