3234 5150
1321 436 1597 490 -99—

376 563 445 629 in
499 559 958 651 indoeuropaeo
1012 582 1312 630 sermone
1349 561 1793 651 reperiuntur.
1843 559 2226 628 verbalibus
2267 582 2415 649 quae
2461 559 2555 627 di·

374 677 619 739 cuntur
669 670 1001 739 radicibus
1030 669 1319 739 actiones
1366 677 1432 739 et
1476 669 1826 758 qualitates
1870 690 2198 755 expressae
2253 668 2550 758 quidem,

376 777 948 868 pronominalibu's
998 784 1221 848 autem
1256 798 1547 868 personae
1574 783 1642 845 et
1681 798 1786 844 res
1831 775 2197 864 antiquitus
2250 776 2557 846 videntur

376 887 580 956 fuisse
622 887 1105 955 demonstratae.
1156 871 1564 954 Procedente'
1588 881 1812 952 autem
1869 883 2193 951 sermonis
2247 883 2560 952 informa-

378 995 577 1072 tione,
629 993 884 1062 radices
934 993 1226 1063 verbales
1274 1015 1427 1061 cum
1482 988 2052 1082 pronominalibus
2095 989 2343 1078 junctae
2377 997 2555 1070 sunt,

378 1101 552 1171 unde
587 1101 862 1171 actionis
890 1107 955 1169 et
978 1100 1319 1191 qualitatis
1347 1097 1712 1188 designatio
1742 1097 1915 1164 facta
1946 1101 2045 1163 est
2073 1105 2145 1162 ut
2175 1097 2251 1162 in
2267 1117 2562 1185 persona

363 1217 499 1292 ¹am
542 1233 616 1277 re
648 1211 937 1299 quadam
972 1218 1297 1298 spectatae,
1332 1207 1483 1276 dein
1514 1211 1712 1297 prout
1739 1223 2103 1295 pronomen
2135 1202 2218 1270 ad
2253 1225 2562 1294 persona·

335 1372 341 1377 .
382 1338 534 1386 rum
564 1317 921 1388 discrimen
964 1323 1078 1385 aut
1114 1313 1191 1384 ad
1238 1315 1402 1383 alias
1449 1313 1717 1382 notitias
1752 1309 2210 1401 exprimendas
2243 1312 2564 1400 paulatim

382 1423 1024 1505 accommodabatur‚
1056 1444 1174 1492 seu
1202 1423 1421 1501 verba,
1448 1444 1565 1490 seu
1590 1421 1941 1490 nominum
1977 1426 2436 1489 concretorum
2465 1442 2566 1510 ge·

380 1553 542 1601 nera
586 1532 762 1602 varia
810 1539 952 1600 orta
994 1537 1173 1600 sunt.
1221 1531 1268 1597 E
1318 1518 1642 1600 concretis
1689 1532 2072 1627 nominibus
2108 1533 2318 1602 multa
2363 1553 2568 1602 cursu

384 1641 699 1732 temporis
726 1640 796 1708 in
829 1639 1217 1731 appellativa
1251 1645 1528 1718 mutata,
1564 1638 1631 1707 id
1656 1646 1756 1709 est
1791 1641 1874 1709 ad
1899 1663 2102 1709 unam
2133 1661 2567 1732 personarum

386 1756 501 1818 aut
528 1769 752 1818 rerum
782 1749 1062 1817 classem
1098 1747 1567 1837 designandam
1606 1746 1876 1818 fuerunt
1904 1752 2435 1829 accommodata;
2480 1750 2570 1819 ita

388 1859 683 1940 ntalem,
716 1857 995 1946 exempli
1026 1877 1223 1925 causa
1258 1855 1670 1946 (sanseritice
1697 1880 1881 1944 aqva,
1919 1879 2126 1948 graece
2148 1866 2339 1939 ἵππος,
2371 1857 2574 1927 latine

390 1969 649 2056 equus),
715 1965 1025 2055 primitus
1085 1990 1118 2028 «
1182 1964 1453 2054 rapidus
1514 1991 1575 2042 »,
1639 1987 1881 2036 nomen
1937 1967 2091 2057 equi
2145 1961 2394 2035 factum
2445 1965 2569 2044 sit,

282 2105 285 2110 ·
388 2075 563 2164 quod
606 2095 821 2163 equus
862 2073 1134 2164 rapidus
1174 2072 1281 2149 sit,
1334 2081 1399 2140 et
1436 2072 1745 2165 deinceps
1798 2095 1835 2142 e
1885 2074 2134 2166 rapidis
2177 2073 2576 2145 animalibus

389 2183 651 2251 nullum
675 2182 815 2271 jam
846 2182 1027 2250 aliud
1060 2181 1455 2270 designaret,
1494 2181 1647 2270 equi
1690 2186 1912 2251 autem
1943 2188 2191 2251 ceteras
2227 2181 2576 2271 qualitates

390 2290 459 2357 in
513 2289 902 2357 memoriam
954 2289 1265 2358 reducere
1319 2292 1557 2377 posset.
1608 2286 1714 2355 Sic
1770 2287 2120 2357 immutato
2172 2310 2372 2358 sensu
2426 2311 2577 2358 con·

392 2404 567 2466 creta
590 2396 871 2466 nomina
914 2398 1052 2486 jam
1104 2418 1237 2463 non
1280 2394 1642 2484 praedicati,
1695 2395 1824 2464 nisi
1872 2418 2046 2474 raro,
2084 2403 2309 2488 partes
2347 2405 2572 2487 agunt.

390 2505 545 2583 Quae
594 2510 815 2575 autem
846 2503 1701 2594 antiquissimumsensum,
1738 2503 1807 2571 id
1839 2511 1939 2574 est
1973 2503 2242 2585 radiciS,
2285 2526 2577 2575 servave-

393 2619 573 2692 runt,
614 2612 931 2702 adjectiva
987 2611 1157 2691 dico,
1224 2611 1495 2681 nomina
1548 2612 1799 2701 agentis
1845 2620 1911 2681 et
1961 2613 2292 2704 patientie,
2325 2620 2390 2681 et
2433 2634 2578 2703 quae

392 2727 617 2810 utpote
676 2719 973 2810 proxima
1039 2718 1233 2787 verbo
1291 2718 1636 2809 participia
1692 2719 2158 2799 nominantur,
2219 2742 2293 2789 ea
2354 2721 2577 2789 omnia

392 2827 571 2897 haud
596 2851 786 2897 secus
812 2835 1010 2919 atque
1038 2828 1259 2918 ipsum
1289 2827 1562 2897 verbum
1590 2828 1916 2897 actionem
1943 2835 2058 2897 aut
2091 2828 2477 2918 qualitatem
2507 2836 2581 2898 ut

395 2934 673 3025 subjecti
700 2935 1049 3025 cujusdam
1085 2934 1421 3025 propriam
1452 2934 1848 3024 significant,
1879 2957 2030 3025 ergo
2063 2956 2214 3004 vere
2243 2936 2576 3026 praedicati

394 3043 533 3112 vice
563 3044 953 3133 funguntur.
987 3042 1203 3123 Quum
1234 3042 1410 3109 enim
1446 3041 1592 3110 dico
1631 3043 1908 3111 «Bonus
1939 3043 2182 3110 Paulus
2216 3050 2479 3111 amatur
2511 3069 2571 3122 »,

396 3152 526 3221 duo
558 3152 840 3231 affirmo,
878 3150 1149 3219 Paulum
1189 3151 1439 3219 honum
1480 3171 1646 3225 esse,
1692 3158 1756 3219 et
1791 3150 2066 3218 Paulum
2115 3149 2349 3219 amari.
2399 3149 2580 3218 Nihil

396 3267 617 3329 autem
647 3260 821 3328 inter
847 3259 1013 3327 duas
1042 3258 1513 3327 affirmationes
1545 3258 1842 3337 interest,
1875 3257 2004 3326 nisi
2035 3257 2212 3347 quod
2233 3257 2579 3348 posteriori

395 3368 602 3457 magis
640 3389 841 3458 quam
870 3366 1076 3458 priori
1104 3366 1473 3435 auditorem
1503 3364 1832 3434 intentum
1858 3365 2043 3434 volo:
2083 3391 2116 3429 «
2148 3366 2360 3434 bonus
2399 3392 2434 3431 »
2467 3388 2581 3433 au·-

398 3483 531 3545 tem
567 3476 744 3543 haud
772 3495 960 3543 secus
998 3479 1196 3563 atque
1224 3481 1592 3543 «amatur»
1620 3474 2048 3565 praedicatum
2071 3475 2224 3564 jure
2250 3471 2580 3541 nominari

399 3589 609 3673 potest
626 3583 736 3672 (cf.
763 3605 828 3672 p.
846 3584 986 3672 48).
1010 3583 1171 3660 Imo,
1200 3603 1282 3649 ne
1303 3582 1613 3672 praecipui
1641 3582 1910 3672 quidem
1931 3580 2264 3672 praedicati
2285 3581 2582 3671 partibus

398 3698 700 3759 concreto
742 3688 995 3757 nomini
1057 3676 1482 3759 interdictum
1532 3696 1632 3758 est
1665 3714 1680 3755 z
1735 3689 1973 3780 copula
2015 3688 2216 3768 enim,
2260 3708 2472 3778 neque
2514 3688 2584 3756 in

398 3796 719 3887 principio
753 3796 1021 3875 exstitit,
1056 3818 1272 3886 neque⁴
1298 3819 1446 3864 raro
1483 3797 1551 3864 in
1586 3796 2072 3886 antiquioribus
2103 3796 2348 3885 linguis
2377 3795 2579 3863 deest.

397 3904 705 3995 Exempla
757 3910 933 3982 sunt,
988 3904 1447 3972 sanseriticum
1490 3922 1526 3971 e
1586 3902 1922 3992 Rig-Veda,
1969 3903 2018 3981 I,
2079 3905 2144 3981 8,
2197 3904 2262 3982 5,
2319 3904 2582 3970 maha'n

402 4012 653 4079 indrah
693 4036 725 4075 «
762 4013 1030 4101 Magnus
1062 4011 1253 4079 Indra
1284 4010 1437 4101 (est)
1474 4036 1535 4087 »‚
1565 4031 1852 4099 graecum
1889 4010 2060 4099 apud
2104 4010 2458 4078 Homerum
2503 4012 2577 4088 A,

401 4119 509 4198 80,
553 4126 828 4209 Κρείσσων
855 4126 967 4210 γὰρ
1005 4126 1284 4198 ὂασιλεὺς,
1314 4118 1595 4186 latinum
1627 4117 1802 4207 apud
1828 4116 2130 4186 Catonem
2161 4119 2415 4209 (Egger.
2443 4120 2584 4185 Rel-

400 4227 623 4315 liquiae
662 4227 984 4297 sermonis
1028 4228 1227 4294 latini-
1270 4228 1525 4304 valeria,
1562 4244 1644 4316 ·p.
1683 4227 2208 4317 158)·.Mdjorum
2245 4227 2584 4314 benefacta

395 4335 704 4423 perlecta.
2315 4358 2333 4386 ι
