<?xml version="1.0" encoding="UTF-8"?>
<!DOCTYPE html PUBLIC "-//W3C//DTD XHTML 1.0 Transitional//EN"
    "http://www.w3.org/TR/xhtml1/DTD/xhtml1-transitional.dtd">
<html xmlns="http://www.w3.org/1999/xhtml" xml:lang="en" lang="en">
 <head>
  <title>
</title>
<meta http-equiv="Content-Type" content="text/html;charset=utf-8" />
  <meta name='ocr-system' content='tesseract 3.04.00' />
  <meta name='ocr-capabilities' content='ocr_page ocr_carea ocr_par ocr_line ocrx_word'/>
</head>
<body>
  <div class='ocr_page' id='page_1' title='image "./deconjunctiviet00berggoog_0038.png"; bbox 0 0 3234 5150; ppageno 0'>
   <div class='ocr_carea' id='block_1_1' title="bbox 1524 405 1819 464">
    <p class='ocr_par' dir='ltr' id='par_1_1' title="bbox 1524 405 1819 464">
     <span class='ocr_line' id='line_1_1' title="bbox 1524 405 1819 464; baseline -0.007 0"><span class='ocrx_word' id='word_1_1' title='bbox 1524 435 1603 464; x_wconf 88' lang='grc'>,-</span> <span class='ocrx_word' id='word_1_2' title='bbox 1640 405 1819 462; x_wconf 75' lang='lat'>22-</span> 
     </span>
    </p>
   </div>
   <div class='ocr_carea' id='block_1_2' title="bbox 575 531 2834 4387">
    <p class='ocr_par' dir='ltr' id='par_1_2' title="bbox 575 531 2781 1360">
     <span class='ocr_line' id='line_1_2' title="bbox 677 531 2773 630; baseline -0.002 -28"><span class='ocrx_word' id='word_1_3' title='bbox 677 536 752 607; x_wconf 88' lang='lat' dir='ltr'>Ut</span> <span class='ocrx_word' id='word_1_4' title='bbox 790 535 1026 614; x_wconf 79' lang='lat' dir='ltr'>futuri.</span> <span class='ocrx_word' id='word_1_5' title='bbox 1069 533 1160 603; x_wconf 85' lang='lat' dir='ltr'>ita</span> <span class='ocrx_word' id='word_1_6' title='bbox 1196 531 1420 630; x_wconf 87' lang='lat' dir='ltr'>aoristi</span> <span class='ocrx_word' id='word_1_7' title='bbox 1447 532 1661 623; x_wconf 31' lang='lat' dir='ltr'>*primi</span> <span class='ocrx_word' id='word_1_8' title='bbox 1705 548 1914 622; x_wconf 78' lang='lat' dir='ltr'>graece</span> <span class='ocrx_word' id='word_1_9' title='bbox 1942 533 2023 605; x_wconf 71' lang='lat' dir='ltr'>in·</span> <span class='ocrx_word' id='word_1_10' title='bbox 2045 553 2144 611; x_wconf 78' lang='grc' dir='ltr'>σα,</span> <span class='ocrx_word' id='word_1_11' title='bbox 2178 543 2319 618; x_wconf 23' lang='grc' dir='ltr'><strong>ισαςς</strong></span> <span class='ocrx_word' id='word_1_12' title='bbox 2350 547 2438 612; x_wconf 65' lang='lat' dir='ltr'>oe,</span> <span class='ocrx_word' id='word_1_13' title='bbox 2488 531 2773 602; x_wconf 77' lang='lat' dir='ltr'>sanseri-</span> 
     </span>
     <span class='ocr_line' id='line_1_3' title="bbox 577 631 2769 726; baseline -0.005 -12"><span class='ocrx_word' id='word_1_14' title='bbox 577 644 715 721; x_wconf 78' lang='lat' dir='ltr'>,tice</span> <span class='ocrx_word' id='word_1_15' title='bbox 762 631 831 712; x_wconf 85' lang='lat' dir='ltr'>in</span> <span class='ocrx_word' id='word_1_16' title='bbox 857 666 1024 721; x_wconf 73' lang='lat' dir='ltr'>sam,</span> <span class='ocrx_word' id='word_1_17' title='bbox 1065 665 1202 722; x_wconf 79' lang='lat' dir='ltr'>sas,</span> <span class='ocrx_word' id='word_1_18' title='bbox 1243 649 1372 720; x_wconf 73' lang='lat' dir='ltr'>sat,</span> <span class='ocrx_word' id='word_1_19' title='bbox 1403 647 1520 712; x_wconf 82' lang='lat' dir='ltr'>aut</span> <span class='ocrx_word' id='word_1_20' title='bbox 1550 641 1622 710; x_wconf 86' lang='lat' dir='ltr'>in</span> <span class='ocrx_word' id='word_1_21' title='bbox 1650 663 1818 721; x_wconf 75' lang='lat' dir='ltr'>sam,</span> <span class='ocrx_word' id='word_1_22' title='bbox 1856 653 1976 721; x_wconf 67' lang='lat' dir='ltr'>ais,</span> <span class='ocrx_word' id='word_1_23' title='bbox 2010 651 2122 726; x_wconf 72' lang='lat' dir='ltr'>sit,</span> <span class='ocrx_word' id='word_1_24' title='bbox 2154 647 2270 708; x_wconf 92' lang='lat' dir='ltr'>aut</span> <span class='ocrx_word' id='word_1_25' title='bbox 2298 640 2367 708; x_wconf 88' lang='lat' dir='ltr'>in</span> <span class='ocrx_word' id='word_1_26' title='bbox 2406 642 2649 724; x_wconf 68' lang='lat' dir='ltr'>iaham,</span> <span class='ocrx_word' id='word_1_27' title='bbox 2682 652 2769 718; x_wconf 70' lang='lat' dir='ltr'>is,</span> 
     </span>
     <span class='ocr_line' id='line_1_4' title="bbox 585 745 2775 848; baseline -0.003 -27"><span class='ocrx_word' id='word_1_28' title='bbox 585 763 665 848; x_wconf 65' lang='grc' dir='ltr'>ῑι,</span> <span class='ocrx_word' id='word_1_29' title='bbox 709 758 825 821; x_wconf 91' lang='lat' dir='ltr'>aut</span> <span class='ocrx_word' id='word_1_30' title='bbox 869 751 940 818; x_wconf 89' lang='lat' dir='ltr'>in</span> <span class='ocrx_word' id='word_1_31' title='bbox 973 753 1249 830; x_wconf 66' lang='lat' dir='ltr'>aicham,</span> <span class='ocrx_word' id='word_1_32' title='bbox 1295 760 1417 828; x_wconf 71' lang='lat' dir='ltr'>aia,</span> <span class='ocrx_word' id='word_1_33' title='bbox 1470 758 1582 828; x_wconf 74' lang='grc' dir='ltr'>εῖτ,</span> <span class='ocrx_word' id='word_1_34' title='bbox 1636 748 1996 820; x_wconf 85' lang='lat' dir='ltr'>desinentis</span> <span class='ocrx_word' id='word_1_35' title='bbox 2037 747 2299 816; x_wconf 75' lang='lat' dir='ltr'><strong>literam</strong></span> <span class='ocrx_word' id='word_1_36' title='bbox 2354 770 2385 818; x_wconf 72' lang='lat' dir='ltr'>a</span> <span class='ocrx_word' id='word_1_37' title='bbox 2448 745 2653 818; x_wconf 82' lang='lat' dir='ltr'>radici</span> <span class='ocrx_word' id='word_1_38' title='bbox 2696 769 2775 814; x_wconf 79' lang='lat' dir='ltr'>as</span> 
     </span>
     <span class='ocr_line' id='line_1_5' title="bbox 583 852 2777 950; baseline -0.006 -16"><span class='ocrx_word' id='word_1_39' title='bbox 583 883 628 934; x_wconf 82' lang='lat'>.«</span> <span class='ocrx_word' id='word_1_40' title='bbox 660 879 815 950; x_wconf 58' lang='lat' dir='ltr'>³esse</span> <span class='ocrx_word' id='word_1_41' title='bbox 839 881 876 924; x_wconf 75' lang='lat' dir='ltr'>a</span> <span class='ocrx_word' id='word_1_42' title='bbox 929 854 1350 926; x_wconf 82' lang='lat' dir='ltr'><strong>tribuendam</strong></span> <span class='ocrx_word' id='word_1_43' title='bbox 1385 854 1522 924; x_wconf 86' lang='lat' dir='ltr'>fere</span> <span class='ocrx_word' id='word_1_44' title='bbox 1565 875 1796 924; x_wconf 88' lang='lat' dir='ltr'>omnes</span> <span class='ocrx_word' id='word_1_45' title='bbox 1826 854 2275 944; x_wconf 72' lang='lat' dir='ltr'>grammaticae</span> <span class='ocrx_word' id='word_1_46' title='bbox 2317 852 2777 944; x_wconf 76' lang='lat' dir='ltr'>comparativae</span> 
     </span>
     <span class='ocr_line' id='line_1_6' title="bbox 592 959 2779 1056; baseline -0.004 -22"><span class='ocrx_word' id='word_1_47' title='bbox 592 963 948 1056; x_wconf 79' lang='lat' dir='ltr'>scriptores</span> <span class='ocrx_word' id='word_1_48' title='bbox 976 961 1421 1033; x_wconf 80' lang='lat' dir='ltr'>consentiunt.</span> <span class='ocrx_word' id='word_1_49' title='bbox 1455 962 1611 1030; x_wconf 90' lang='lat' dir='ltr'>Rem</span> <span class='ocrx_word' id='word_1_50' title='bbox 1643 961 2141 1032; x_wconf 86' lang='lat' dir='ltr'>accuratissime</span> <span class='ocrx_word' id='word_1_51' title='bbox 2183 959 2511 1052; x_wconf 82' lang='lat' dir='ltr'>explicare</span> <span class='ocrx_word' id='word_1_52' title='bbox 2538 959 2779 1028; x_wconf 89' lang='lat' dir='ltr'>nititur</span> 
     </span>
     <span class='ocr_line' id='line_1_7' title="bbox 590 1067 2779 1160; baseline -0.001 -20"><span class='ocrx_word' id='word_1_53' title='bbox 590 1071 855 1143; x_wconf 83' lang='lat' dir='ltr'>Curtius</span> <span class='ocrx_word' id='word_1_54' title='bbox 891 1070 1368 1160; x_wconf 75' lang='lat' dir='ltr'>(Chronoloyic,</span> <span class='ocrx_word' id='word_1_55' title='bbox 1393 1090 1474 1158; x_wconf 90' lang='lat' dir='ltr'>p.-</span> <span class='ocrx_word' id='word_1_56' title='bbox 1501 1069 1645 1157; x_wconf 85' lang='lat'><strong>90),</strong></span> <span class='ocrx_word' id='word_1_57' title='bbox 1676 1069 1839 1138; x_wconf 89' lang='lat' dir='ltr'>dum</span> <span class='ocrx_word' id='word_1_58' title='bbox 1870 1068 2191 1140; x_wconf 87' lang='lat' dir='ltr'>aoristum</span> <span class='ocrx_word' id='word_1_59' title='bbox 2220 1067 2515 1158; x_wconf 88' lang='lat' dir='ltr'>primum</span> <span class='ocrx_word' id='word_1_60' title='bbox 2540 1090 2581 1135; x_wconf 86' lang='lat' dir='ltr'>a</span> <span class='ocrx_word' id='word_1_61' title='bbox 2606 1089 2779 1156; x_wconf 66' lang='lat' dir='ltr'>prac-</span> 
     </span>
     <span class='ocr_line' id='line_1_8' title="bbox 591 1174 2781 1266; baseline -0.002 -18"><span class='ocrx_word' id='word_1_62' title='bbox 591 1181 790 1250; x_wconf 78' lang='lat' dir='ltr'>terito</span> <span class='ocrx_word' id='word_1_63' title='bbox 817 1177 1064 1254; x_wconf 79' lang='lat' dir='ltr'>radicis</span> <span class='ocrx_word' id='word_1_64' title='bbox 1101 1200 1179 1246; x_wconf 76' lang='lat' dir='ltr'>aa</span> <span class='ocrx_word' id='word_1_65' title='bbox 1223 1197 1378 1249; x_wconf 87' lang='lat' dir='ltr'>cum</span> <span class='ocrx_word' id='word_1_66' title='bbox 1414 1175 1639 1247; x_wconf 87' lang='lat' dir='ltr'>radice</span> <span class='ocrx_word' id='word_1_67' title='bbox 1671 1175 1854 1248; x_wconf 83' lang='lat' dir='ltr'>verbi</span> <span class='ocrx_word' id='word_1_68' title='bbox 1889 1175 2290 1266; x_wconf 71' lang='lat' dir='ltr'>praedicativi</span> <span class='ocrx_word' id='word_1_69' title='bbox 2314 1177 2547 1266; x_wconf 88' lang='lat' dir='ltr'>juncto</span> <span class='ocrx_word' id='word_1_70' title='bbox 2578 1174 2781 1244; x_wconf 88' lang='lat' dir='ltr'>dedu-</span> 
     </span>
     <span class='ocr_line' id='line_1_9' title="bbox 575 1285 738 1360; baseline -0.037 0"><span class='ocrx_word' id='word_1_71' title='bbox 575 1285 738 1360; x_wconf 81' lang='lat' dir='ltr'>.cit.‘</span> 
     </span>
    </p>

    <p class='ocr_par' dir='ltr' id='par_1_3' title="bbox 585 1387 2795 2664">
     <span class='ocr_line' id='line_1_10' title="bbox 681 1387 2781 1480; baseline 0 -20"><span class='ocrx_word' id='word_1_72' title='bbox 681 1391 730 1460; x_wconf 81' lang='lat' dir='ltr'><strong>E</strong></span> <span class='ocrx_word' id='word_1_73' title='bbox 750 1390 970 1466; x_wconf 77' lang='lat' dir='ltr'>radice</span> <span class='ocrx_word' id='word_1_74' title='bbox 980 1388 1163 1460; x_wconf 84' lang='lat' dir='ltr'>verbi</span> <span class='ocrx_word' id='word_1_75' title='bbox 1181 1387 1582 1480; x_wconf 83' lang='lat' dir='ltr'>praedicativi</span> <span class='ocrx_word' id='word_1_76' title='bbox 1609 1389 1842 1460; x_wconf 79' lang='lat' dir='ltr'>formis</span> <span class='ocrx_word' id='word_1_77' title='bbox 1866 1388 2049 1458; x_wconf 85' lang='lat' dir='ltr'>flexis</span> <span class='ocrx_word' id='word_1_78' title='bbox 2077 1388 2257 1458; x_wconf 88' lang='lat' dir='ltr'>verbi</span> <span class='ocrx_word' id='word_1_79' title='bbox 2270 1412 2381 1479; x_wconf 80' lang='lat' dir='ltr'>ya,</span> <span class='ocrx_word' id='word_1_80' title='bbox 2398 1387 2781 1462; x_wconf 82' lang='lat' dir='ltr'>sanseritice</span> 
     </span>
     <span class='ocr_line' id='line_1_11' title="bbox 593 1497 2785 1588; baseline 0.002 -23"><span class='ocrx_word' id='word_1_81' title='bbox 593 1512 680 1588; x_wconf 73' lang='lat' dir='ltr'>ya</span> <span class='ocrx_word' id='word_1_82' title='bbox 713 1523 748 1562; x_wconf 88' lang='lat'>«</span> <span class='ocrx_word' id='word_1_83' title='bbox 778 1497 874 1566; x_wconf 88' lang='lat' dir='ltr'>ire</span> <span class='ocrx_word' id='word_1_84' title='bbox 898 1521 962 1576; x_wconf 84' lang='lat'>»‚</span> <span class='ocrx_word' id='word_1_85' title='bbox 982 1497 1306 1564; x_wconf 84' lang='lat' dir='ltr'>instructa</span> <span class='ocrx_word' id='word_1_86' title='bbox 1337 1502 1639 1565; x_wconf 84' lang='lat' dir='ltr'>constare</span> <span class='ocrx_word' id='word_1_87' title='bbox 1662 1503 1989 1586; x_wconf 79' lang='lat' dir='ltr'>quartam,</span> <span class='ocrx_word' id='word_1_88' title='bbox 2028 1517 2230 1586; x_wconf 88' lang='lat' dir='ltr'>quam</span> <span class='ocrx_word' id='word_1_89' title='bbox 2267 1501 2524 1575; x_wconf 82' lang='lat' dir='ltr'>vocant,</span> <span class='ocrx_word' id='word_1_90' title='bbox 2556 1497 2785 1586; x_wconf 74' lang='lat' dir='ltr'>conjn-</span> 
     </span>
     <span class='ocr_line' id='line_1_12' title="bbox 595 1602 2787 1696; baseline -0.002 -22"><span class='ocrx_word' id='word_1_91' title='bbox 595 1604 877 1696; x_wconf 87' lang='lat' dir='ltr'>gationis</span> <span class='ocrx_word' id='word_1_92' title='bbox 907 1605 1215 1682; x_wconf 85' lang='lat' dir='ltr'>classem,</span> <span class='ocrx_word' id='word_1_93' title='bbox 1249 1603 1632 1693; x_wconf 62' lang='lat' dir='ltr'>(oric-fimi</span> <span class='ocrx_word' id='word_1_94' title='bbox 1652 1628 1687 1668; x_wconf 82' lang='grc' dir='ltr'><strong>α</strong></span> <span class='ocrx_word' id='word_1_95' title='bbox 1716 1624 1925 1693; x_wconf 90' lang='lat' dir='ltr'>purus</span> <span class='ocrx_word' id='word_1_96' title='bbox 1951 1623 2101 1673; x_wconf 87' lang='lat' dir='ltr'>sum</span> <span class='ocrx_word' id='word_1_97' title='bbox 2122 1629 2185 1685; x_wconf 67' lang='grc' dir='ltr'>ι»,</span> <span class='ocrx_word' id='word_1_98' title='bbox 2206 1602 2276 1672; x_wconf 89' lang='lat' dir='ltr'>in</span> <span class='ocrx_word' id='word_1_99' title='bbox 2302 1603 2521 1672; x_wconf 91' lang='lat' dir='ltr'>medio</span> <span class='ocrx_word' id='word_1_100' title='bbox 2550 1624 2787 1693; x_wconf 83' lang='lat' dir='ltr'>genere</span> 
     </span>
     <span class='ocr_line' id='line_1_13' title="bbox 597 1705 2788 1804; baseline -0.002 -22"><span class='ocrx_word' id='word_1_101' title='bbox 597 1721 842 1804; x_wconf 53' lang='lat' dir='ltr'>ctio-yffi</span> <span class='ocrx_word' id='word_1_102' title='bbox 871 1719 1044 1802; x_wconf 81' lang='grc' dir='ltr'><strong>σχίζω</strong></span> <span class='ocrx_word' id='word_1_103' title='bbox 1063 1732 1183 1802; x_wconf 89' lang='lat' dir='ltr'>pro</span> <span class='ocrx_word' id='word_1_104' title='bbox 1210 1705 1553 1802; x_wconf 58' lang='grc' dir='ltr'>σχῶ-(ᾔώ),</span> <span class='ocrx_word' id='word_1_105' title='bbox 1589 1732 1628 1782; x_wconf 83' lang='lat' dir='ltr'>a</span> <span class='ocrx_word' id='word_1_106' title='bbox 1654 1732 1784 1800; x_wconf 86' lang='lat' dir='ltr'>qua</span> <span class='ocrx_word' id='word_1_107' title='bbox 1812 1710 1885 1778; x_wconf 85' lang='lat' dir='ltr'>in</span> <span class='ocrx_word' id='word_1_108' title='bbox 1914 1710 2304 1780; x_wconf 81' lang='lat' dir='ltr'>sanseritica</span> <span class='ocrx_word' id='word_1_109' title='bbox 2336 1711 2563 1801; x_wconf 86' lang='lat' dir='ltr'>lingua</span> <span class='ocrx_word' id='word_1_110' title='bbox 2582 1709 2788 1802; x_wconf 82' lang='lat' dir='ltr'>passi·-</span> 
     </span>
     <span class='ocr_line' id='line_1_14' title="bbox 597 1816 2787 1909; baseline -0.002 -18"><span class='ocrx_word' id='word_1_111' title='bbox 597 1842 754 1894; x_wconf 82' lang='lat' dir='ltr'>vum</span> <span class='ocrx_word' id='word_1_112' title='bbox 781 1839 990 1909; x_wconf 77' lang='lat' dir='ltr'>genus</span> <span class='ocrx_word' id='word_1_113' title='bbox 1019 1823 1294 1886; x_wconf 88' lang='lat' dir='ltr'>accentu</span> <span class='ocrx_word' id='word_1_114' title='bbox 1323 1822 1583 1889; x_wconf 84' lang='lat' dir='ltr'>tantum</span> <span class='ocrx_word' id='word_1_115' title='bbox 1616 1816 1841 1886; x_wconf 83' lang='lat' dir='ltr'>differt</span> <span class='ocrx_word' id='word_1_116' title='bbox 1871 1817 1892 1906; x_wconf 86' lang='lat'>(</span> <span class='ocrx_word' id='word_1_117' title='bbox 1930 1819 2157 1908; x_wconf 59' lang='lat' dir='ltr'>tud-y&amp;</span> <span class='ocrx_word' id='word_1_118' title='bbox 2182 1842 2215 1885; x_wconf 74' lang='grc' dir='ltr'>(ι</span> <span class='ocrx_word' id='word_1_119' title='bbox 2252 1818 2497 1889; x_wconf 88' lang='lat' dir='ltr'>tundor</span> <span class='ocrx_word' id='word_1_120' title='bbox 2532 1817 2625 1906; x_wconf 83' lang='lat'>»)‚</span> <span class='ocrx_word' id='word_1_121' title='bbox 2656 1817 2787 1907; x_wconf 87' lang='lat' dir='ltr'>plc-</span> 
     </span>
     <span class='ocr_line' id='line_1_15' title="bbox 585 1923 2789 2016; baseline -0.003 -20"><span class='ocrx_word' id='word_1_122' title='bbox 585 1927 791 2016; x_wconf 74' lang='lat' dir='ltr'>,rique</span> <span class='ocrx_word' id='word_1_123' title='bbox 839 1924 1171 2015; x_wconf 85' lang='lat' dir='ltr'>graviores</span> <span class='ocrx_word' id='word_1_124' title='bbox 1209 1931 1512 1993; x_wconf 86' lang='lat' dir='ltr'>auctores</span> <span class='ocrx_word' id='word_1_125' title='bbox 1565 1924 1677 2013; x_wconf 85' lang='lat' dir='ltr'>(cf.</span> <span class='ocrx_word' id='word_1_126' title='bbox 1724 1925 2175 2014; x_wconf 71' lang='lat' dir='ltr'>chronoloqie‚</span> <span class='ocrx_word' id='word_1_127' title='bbox 2220 1947 2287 2016; x_wconf 89' lang='lat' dir='ltr'>p.</span> <span class='ocrx_word' id='word_1_128' title='bbox 2326 1923 2473 2014; x_wconf 85' lang='lat'>89),</span> <span class='ocrx_word' id='word_1_129' title='bbox 2524 1929 2789 2014; x_wconf 80' lang='lat' dir='ltr'>excepto</span> 
     </span>
     <span class='ocr_line' id='line_1_16' title="bbox 604 2031 2787 2123; baseline -0.004 -17"><span class='ocrx_word' id='word_1_130' title='bbox 604 2033 1020 2106; x_wconf 87' lang='lat' dir='ltr'>Schleichero</span> <span class='ocrx_word' id='word_1_131' title='bbox 1057 2031 1229 2122; x_wconf 86' lang='lat' dir='ltr'>(vide</span> <span class='ocrx_word' id='word_1_132' title='bbox 1270 2031 1443 2101; x_wconf 87' lang='lat' dir='ltr'>infra</span> <span class='ocrx_word' id='word_1_133' title='bbox 1471 2054 1540 2123; x_wconf 89' lang='lat' dir='ltr'>p.</span> <span class='ocrx_word' id='word_1_134' title='bbox 1579 2032 1719 2122; x_wconf 84' lang='lat'><strong>40),</strong></span> <span class='ocrx_word' id='word_1_135' title='bbox 1754 2032 2012 2102; x_wconf 83' lang='lat' dir='ltr'>docent.</span> <span class='ocrx_word' id='word_1_136' title='bbox 2045 2032 2248 2105; x_wconf 89' lang='lat' dir='ltr'>Iidem</span> <span class='ocrx_word' id='word_1_137' title='bbox 2288 2032 2359 2104; x_wconf 90' lang='lat' dir='ltr'>in</span> <span class='ocrx_word' id='word_1_138' title='bbox 2405 2032 2787 2103; x_wconf 82' lang='lat' dir='ltr'>denomina-</span> 
     </span>
     <span class='ocr_line' id='line_1_17' title="bbox 604 2138 2789 2229; baseline -0 -18"><span class='ocrx_word' id='word_1_139' title='bbox 604 2142 758 2212; x_wconf 81' lang='lat' dir='ltr'>tivis</span> <span class='ocrx_word' id='word_1_140' title='bbox 780 2140 1019 2218; x_wconf 85' lang='lat' dir='ltr'>verbis,</span> <span class='ocrx_word' id='word_1_141' title='bbox 1053 2140 1336 2229; x_wconf 87' lang='lat' dir='ltr'>exempli</span> <span class='ocrx_word' id='word_1_142' title='bbox 1379 2161 1578 2208; x_wconf 86' lang='lat' dir='ltr'>causa</span> <span class='ocrx_word' id='word_1_143' title='bbox 1605 2138 1677 2211; x_wconf 87' lang='lat' dir='ltr'>in</span> <span class='ocrx_word' id='word_1_144' title='bbox 1706 2139 1923 2211; x_wconf 86' lang='lat' dir='ltr'>verbis</span> <span class='ocrx_word' id='word_1_145' title='bbox 1950 2140 2221 2210; x_wconf 82' lang='lat' dir='ltr'>dccimae</span> <span class='ocrx_word' id='word_1_146' title='bbox 2247 2139 2502 2222; x_wconf 79' lang='lat' dir='ltr'>classiS,</span> <span class='ocrx_word' id='word_1_147' title='bbox 2535 2142 2789 2213; x_wconf 86' lang='lat' dir='ltr'>thema-</span> 
     </span>
     <span class='ocr_line' id='line_1_18' title="bbox 605 2245 2795 2336; baseline -0.004 -15"><span class='ocrx_word' id='word_1_148' title='bbox 605 2250 786 2321; x_wconf 82' lang='lat' dir='ltr'>tibus</span> <span class='ocrx_word' id='word_1_149' title='bbox 803 2245 1277 2325; x_wconf 80' lang='lat' dir='ltr'>nominalibuS‚</span> <span class='ocrx_word' id='word_1_150' title='bbox 1302 2246 1521 2336; x_wconf 91' lang='lat' dir='ltr'>qualia</span> <span class='ocrx_word' id='word_1_151' title='bbox 1551 2253 1707 2316; x_wconf 90' lang='lat' dir='ltr'>sunt</span> <span class='ocrx_word' id='word_1_152' title='bbox 1731 2247 2189 2318; x_wconf 85' lang='lat' dir='ltr'>sanseriticum</span> <span class='ocrx_word' id='word_1_153' title='bbox 2218 2250 2429 2316; x_wconf 75' lang='lat' dir='ltr'>bhara</span> <span class='ocrx_word' id='word_1_154' title='bbox 2466 2273 2503 2316; x_wconf 75' lang='grc' dir='ltr'><em>α</em></span> <span class='ocrx_word' id='word_1_155' title='bbox 2526 2269 2695 2318; x_wconf 83' lang='lat' dir='ltr'>onus</span> <span class='ocrx_word' id='word_1_156' title='bbox 2722 2273 2795 2329; x_wconf 70' lang='grc' dir='ltr'>υ,-</span> 
     </span>
     <span class='ocr_line' id='line_1_19' title="bbox 609 2351 2793 2454; baseline 0 -30"><span class='ocrx_word' id='word_1_157' title='bbox 609 2376 901 2448; x_wconf 81' lang='lat' dir='ltr'>graecum</span> <span class='ocrx_word' id='word_1_158' title='bbox 929 2362 1129 2444; x_wconf 71' lang='grc' dir='ltr'>φέρω-ς</span> <span class='ocrx_word' id='word_1_159' title='bbox 1165 2377 1198 2418; x_wconf 80' lang='grc' dir='ltr'><strong>α</strong></span> <span class='ocrx_word' id='word_1_160' title='bbox 1223 2375 1418 2432; x_wconf 64' lang='lat' dir='ltr'>unm,</span> <span class='ocrx_word' id='word_1_161' title='bbox 1455 2353 1606 2425; x_wconf 88' lang='lat' dir='ltr'>dein</span> <span class='ocrx_word' id='word_1_162' title='bbox 1634 2351 1961 2454; x_wconf 84' lang='lat' dir='ltr'>tributum</span> <span class='ocrx_word' id='word_1_163' title='bbox 1985 2379 2050 2435; x_wconf 67' lang='grc' dir='ltr'>υ,</span> <span class='ocrx_word' id='word_1_164' title='bbox 2094 2355 2440 2445; x_wconf 84' lang='lat' dir='ltr'>adjunctas</span> <span class='ocrx_word' id='word_1_165' title='bbox 2476 2377 2619 2428; x_wconf 86' lang='lat' dir='ltr'>esse</span> <span class='ocrx_word' id='word_1_166' title='bbox 2662 2355 2793 2425; x_wconf 86' lang='lat' dir='ltr'>for-</span> 
     </span>
     <span class='ocr_line' id='line_1_20' title="bbox 611 2459 2792 2551; baseline -0 -19"><span class='ocrx_word' id='word_1_167' title='bbox 611 2485 755 2532; x_wconf 87' lang='lat' dir='ltr'>mas</span> <span class='ocrx_word' id='word_1_168' title='bbox 797 2461 996 2532; x_wconf 82' lang='lat' dir='ltr'>flexas</span> <span class='ocrx_word' id='word_1_169' title='bbox 1047 2459 1346 2551; x_wconf 88' lang='lat' dir='ltr'>ejusdem</span> <span class='ocrx_word' id='word_1_170' title='bbox 1403 2459 1646 2530; x_wconf 86' lang='lat' dir='ltr'>radicis</span> <span class='ocrx_word' id='word_1_171' title='bbox 1693 2483 1781 2550; x_wconf 62' lang='grc' dir='ltr'>μα</span> <span class='ocrx_word' id='word_1_172' title='bbox 1830 2487 1865 2528; x_wconf 78' lang='grc' dir='ltr'>ι(</span> <span class='ocrx_word' id='word_1_173' title='bbox 1906 2461 2009 2532; x_wconf 83' lang='lat' dir='ltr'>ire</span> <span class='ocrx_word' id='word_1_174' title='bbox 2050 2485 2085 2528; x_wconf 87' lang='lat'>»</span> <span class='ocrx_word' id='word_1_175' title='bbox 2152 2463 2551 2544; x_wconf 81' lang='lat' dir='ltr'>existimant,</span> <span class='ocrx_word' id='word_1_176' title='bbox 2616 2463 2792 2536; x_wconf 86' lang='lat' dir='ltr'>unde</span> 
     </span>
     <span class='ocr_line' id='line_1_21' title="bbox 611 2567 2628 2664; baseline 0.001 -25"><span class='ocrx_word' id='word_1_177' title='bbox 611 2569 1050 2661; x_wconf 51' lang='lat' dir='ltr'>bhdravszmi,</span> <span class='ocrx_word' id='word_1_178' title='bbox 1089 2567 1346 2659; x_wconf 61' lang='lat' dir='ltr'>‹pope-(j)</span> <span class='ocrx_word' id='word_1_179' title='bbox 1365 2594 1411 2637; x_wconf 88' lang='grc' dir='ltr'><strong>ω</strong></span> <span class='ocrx_word' id='word_1_180' title='bbox 1438 2574 1598 2639; x_wconf 80' lang='lat' dir='ltr'>ortae</span> <span class='ocrx_word' id='word_1_181' title='bbox 1628 2574 1847 2641; x_wconf 83' lang='lat' dir='ltr'>essent</span> <span class='ocrx_word' id='word_1_182' title='bbox 1882 2567 2360 2661; x_wconf 69' lang='lat' dir='ltr'>(Ghr0n0l09i3‚</span> <span class='ocrx_word' id='word_1_183' title='bbox 2387 2596 2455 2664; x_wconf 89' lang='lat' dir='ltr'>p.</span> <span class='ocrx_word' id='word_1_184' title='bbox 2488 2570 2628 2661; x_wconf 83' lang='lat'><strong>95).</strong></span> 
     </span>
    </p>

    <p class='ocr_par' dir='ltr' id='par_1_4' title="bbox 584 2674 2834 4387">
     <span class='ocr_line' id='line_1_22' title="bbox 584 2674 2787 2770; baseline 0.001 -23"><span class='ocrx_word' id='word_1_185' title='bbox 584 2746 592 2753; x_wconf 82' lang='grc'>,</span> <span class='ocrx_word' id='word_1_186' title='bbox 697 2678 844 2747; x_wconf 83' lang='lat' dir='ltr'>Haec</span> <span class='ocrx_word' id='word_1_187' title='bbox 875 2682 1032 2745; x_wconf 85' lang='lat' dir='ltr'>sunt</span> <span class='ocrx_word' id='word_1_188' title='bbox 1071 2674 1231 2756; x_wconf 84' lang='lat' dir='ltr'>fere,</span> <span class='ocrx_word' id='word_1_189' title='bbox 1272 2683 1508 2767; x_wconf 86' lang='lat' dir='ltr'>praeter</span> <span class='ocrx_word' id='word_1_190' title='bbox 1545 2678 1909 2767; x_wconf 89' lang='lat' dir='ltr'>optativum</span> <span class='ocrx_word' id='word_1_191' title='bbox 1950 2678 2033 2752; x_wconf 86' lang='lat' dir='ltr'>de</span> <span class='ocrx_word' id='word_1_192' title='bbox 2078 2700 2210 2770; x_wconf 87' lang='lat' dir='ltr'>quo</span> <span class='ocrx_word' id='word_1_193' title='bbox 2242 2702 2423 2753; x_wconf 88' lang='lat' dir='ltr'>nunc</span> <span class='ocrx_word' id='word_1_194' title='bbox 2469 2687 2787 2759; x_wconf 84' lang='lat' dir='ltr'>tacemus,</span> 
     </span>
     <span class='ocr_line' id='line_1_23' title="bbox 615 2783 2796 2879; baseline 0.002 -23"><span class='ocrx_word' id='word_1_195' title='bbox 615 2783 1113 2876; x_wconf 84' lang='lat' dir='ltr'>compositionis</span> <span class='ocrx_word' id='word_1_196' title='bbox 1141 2784 1437 2873; x_wconf 81' lang='lat' dir='ltr'>exempla</span> <span class='ocrx_word' id='word_1_197' title='bbox 1467 2806 1613 2874; x_wconf 88' lang='lat' dir='ltr'>quae</span> <span class='ocrx_word' id='word_1_198' title='bbox 1630 2786 2077 2873; x_wconf 85' lang='lat' dir='ltr'>grammaticae</span> <span class='ocrx_word' id='word_1_199' title='bbox 2106 2788 2563 2879; x_wconf 68' lang='lat' dir='ltr'>comparativae</span> <span class='ocrx_word' id='word_1_200' title='bbox 2592 2788 2796 2878; x_wconf 85' lang='lat' dir='ltr'>scrip-</span> 
     </span>
     <span class='ocr_line' id='line_1_24' title="bbox 615 2890 2793 2987; baseline 0 -25"><span class='ocrx_word' id='word_1_201' title='bbox 615 2901 792 2969; x_wconf 89' lang='lat' dir='ltr'>tores</span> <span class='ocrx_word' id='word_1_202' title='bbox 837 2892 1135 2984; x_wconf 88' lang='lat' dir='ltr'>plerique</span> <span class='ocrx_word' id='word_1_203' title='bbox 1171 2890 1415 2981; x_wconf 84' lang='lat' dir='ltr'>linguae</span> <span class='ocrx_word' id='word_1_204' title='bbox 1478 2891 1780 2961; x_wconf 88' lang='lat' dir='ltr'>omnium</span> <span class='ocrx_word' id='word_1_205' title='bbox 1834 2893 2449 2987; x_wconf 89' lang='lat' dir='ltr'>indocuropaearum</span> <span class='ocrx_word' id='word_1_206' title='bbox 2493 2896 2793 2987; x_wconf 81' lang='lat' dir='ltr'>genitrici</span> 
     </span>
     <span class='ocr_line' id='line_1_25' title="bbox 615 2998 2795 3095; baseline 0.003 -25"><span class='ocrx_word' id='word_1_207' title='bbox 615 3002 1016 3073; x_wconf 86' lang='lat' dir='ltr'>tribuerunt.</span> <span class='ocrx_word' id='word_1_208' title='bbox 1073 2998 1224 3079; x_wconf 75' lang='lat' dir='ltr'>Alia,</span> <span class='ocrx_word' id='word_1_209' title='bbox 1255 3006 1411 3072; x_wconf 88' lang='lat' dir='ltr'>sunt</span> <span class='ocrx_word' id='word_1_210' title='bbox 1457 3008 1679 3071; x_wconf 86' lang='lat' dir='ltr'>autem</span> <span class='ocrx_word' id='word_1_211' title='bbox 1724 3024 1873 3093; x_wconf 86' lang='lat' dir='ltr'>quae</span> <span class='ocrx_word' id='word_1_212' title='bbox 1905 3024 1941 3071; x_wconf 84' lang='lat' dir='ltr'>o</span> <span class='ocrx_word' id='word_1_213' title='bbox 1969 3002 2248 3093; x_wconf 86' lang='lat' dir='ltr'>singulis</span> <span class='ocrx_word' id='word_1_214' title='bbox 2283 3004 2531 3095; x_wconf 86' lang='lat' dir='ltr'>linguis</span> <span class='ocrx_word' id='word_1_215' title='bbox 2561 3006 2795 3076; x_wconf 78' lang='lat' dir='ltr'>hausta</span> 
     </span>
     <span class='ocr_line' id='line_1_26' title="bbox 599 3108 2792 3201; baseline 0 -22"><span class='ocrx_word' id='word_1_216' title='bbox 599 3110 698 3185; x_wconf 85' lang='lat' dir='ltr'>ad</span> <span class='ocrx_word' id='word_1_217' title='bbox 751 3108 1045 3197; x_wconf 84' lang='lat' dir='ltr'>singulas</span> <span class='ocrx_word' id='word_1_218' title='bbox 1097 3112 1356 3177; x_wconf 86' lang='lat' dir='ltr'>tantum</span> <span class='ocrx_word' id='word_1_219' title='bbox 1413 3108 1755 3180; x_wconf 83' lang='lat' dir='ltr'>referenda</span> <span class='ocrx_word' id='word_1_220' title='bbox 1802 3110 1997 3181; x_wconf 91' lang='lat' dir='ltr'>multi</span> <span class='ocrx_word' id='word_1_221' title='bbox 2043 3110 2311 3201; x_wconf 89' lang='lat' dir='ltr'>quidem</span> <span class='ocrx_word' id='word_1_222' title='bbox 2368 3118 2792 3192; x_wconf 81' lang='lat' dir='ltr'>censuerunt,</span> 
     </span>
     <span class='ocr_line' id='line_1_27' title="bbox 616 3213 2797 3309; baseline 0 -24"><span class='ocrx_word' id='word_1_223' title='bbox 616 3214 876 3285; x_wconf 87' lang='lat' dir='ltr'>Curtius</span> <span class='ocrx_word' id='word_1_224' title='bbox 903 3219 1152 3291; x_wconf 88' lang='lat' dir='ltr'>autem,</span> <span class='ocrx_word' id='word_1_225' title='bbox 1190 3219 1264 3279; x_wconf 89' lang='lat' dir='ltr'>ut</span> <span class='ocrx_word' id='word_1_226' title='bbox 1309 3234 1511 3303; x_wconf 89' lang='lat' dir='ltr'>supra</span> <span class='ocrx_word' id='word_1_227' title='bbox 1544 3213 1795 3285; x_wconf 90' lang='lat' dir='ltr'>dictum</span> <span class='ocrx_word' id='word_1_228' title='bbox 1832 3223 1953 3297; x_wconf 84' lang='lat' dir='ltr'>est,</span> <span class='ocrx_word' id='word_1_229' title='bbox 2006 3216 2376 3307; x_wconf 85' lang='lat' dir='ltr'>tempestati</span> <span class='ocrx_word' id='word_1_230' title='bbox 2412 3238 2542 3309; x_wconf 85' lang='lat' dir='ltr'>qua</span> <span class='ocrx_word' id='word_1_231' title='bbox 2573 3225 2797 3308; x_wconf 88' lang='lat' dir='ltr'>gentes</span> 
     </span>
     <span class='ocr_line' id='line_1_28' title="bbox 593 3321 2799 3416; baseline 0.001 -25"><span class='ocrx_word' id='word_1_232' title='bbox 593 3321 1094 3410; x_wconf 76' lang='lat' dir='ltr'>¹indoeuropaeae</span> <span class='ocrx_word' id='word_1_233' title='bbox 1155 3340 1579 3391; x_wconf 89' lang='lat' dir='ltr'>communem</span> <span class='ocrx_word' id='word_1_234' title='bbox 1632 3323 1837 3391; x_wconf 86' lang='lat' dir='ltr'>vitam</span> <span class='ocrx_word' id='word_1_235' title='bbox 1892 3323 2168 3413; x_wconf 81' lang='lat' dir='ltr'>agebant</span> <span class='ocrx_word' id='word_1_236' title='bbox 2236 3323 2553 3395; x_wconf 86' lang='lat' dir='ltr'>vindicari</span> <span class='ocrx_word' id='word_1_237' title='bbox 2608 3346 2799 3416; x_wconf 84' lang='lat' dir='ltr'>posse</span> 
     </span>
     <span class='ocr_line' id='line_1_29' title="bbox 614 3425 2834 3524; baseline 0.005 -27"><span class='ocrx_word' id='word_1_238' title='bbox 614 3426 1034 3524; x_wconf 82' lang='lat' dir='ltr'>existimavit.</span> <span class='ocrx_word' id='word_1_239' title='bbox 1066 3425 1305 3495; x_wconf 87' lang='lat' dir='ltr'>Latinae</span> <span class='ocrx_word' id='word_1_240' title='bbox 1327 3434 1476 3497; x_wconf 87' lang='lat' dir='ltr'>ante</span> <span class='ocrx_word' id='word_1_241' title='bbox 1500 3450 1730 3499; x_wconf 89' lang='lat' dir='ltr'>omnes</span> <span class='ocrx_word' id='word_1_242' title='bbox 1748 3430 1991 3519; x_wconf 78' lang='lat' dir='ltr'>linguae</span> <span class='ocrx_word' id='word_1_243' title='bbox 2017 3431 2592 3521; x_wconf 85' lang='lat' dir='ltr'>frequentissimus</span> <span class='ocrx_word' id='word_1_244' title='bbox 2626 3454 2801 3507; x_wconf 82' lang='lat' dir='ltr'>com·</span> <span class='ocrx_word' id='word_1_245' title='bbox 2828 3470 2834 3475; x_wconf 90' lang='lat'><strong>·</strong></span> 
     </span>
     <span class='ocr_line' id='line_1_30' title="bbox 613 3532 2794 3629; baseline 0.002 -26"><span class='ocrx_word' id='word_1_246' title='bbox 613 3534 980 3627; x_wconf 86' lang='lat' dir='ltr'>positarum</span> <span class='ocrx_word' id='word_1_247' title='bbox 997 3532 1365 3603; x_wconf 85' lang='lat' dir='ltr'>formarum</span> <span class='ocrx_word' id='word_1_248' title='bbox 1385 3555 1548 3606; x_wconf 89' lang='lat' dir='ltr'>usus</span> <span class='ocrx_word' id='word_1_249' title='bbox 1565 3534 1639 3609; x_wconf 87' lang='lat' dir='ltr'>in</span> <span class='ocrx_word' id='word_1_250' title='bbox 1660 3534 2049 3609; x_wconf 83' lang='lat' dir='ltr'>declinando</span> <span class='ocrx_word' id='word_1_251' title='bbox 2069 3536 2266 3607; x_wconf 83' lang='lat' dir='ltr'>verbo</span> <span class='ocrx_word' id='word_1_252' title='bbox 2284 3538 2649 3629; x_wconf 83' lang='lat' dir='ltr'>assignatus</span> <span class='ocrx_word' id='word_1_253' title='bbox 2672 3542 2794 3609; x_wconf 84' lang='lat' dir='ltr'>es&#39;t.</span> 
     </span>
     <span class='ocr_line' id='line_1_31' title="bbox 615 3640 2801 3737; baseline 0 -22"><span class='ocrx_word' id='word_1_254' title='bbox 615 3640 986 3735; x_wconf 77' lang='lat' dir='ltr'>imperfecti</span> <span class='ocrx_word' id='word_1_255' title='bbox 1007 3641 1184 3715; x_wconf 87' lang='lat' dir='ltr'>enim</span> <span class='ocrx_word' id='word_1_256' title='bbox 1219 3641 1290 3710; x_wconf 93' lang='lat' dir='ltr'>in</span> <span class='ocrx_word' id='word_1_257' title='bbox 1313 3642 1462 3709; x_wconf 87' lang='lat' dir='ltr'>bam</span> <span class='ocrx_word' id='word_1_258' title='bbox 1478 3641 1861 3724; x_wconf 78' lang='lat' dir='ltr'>desinentiS‚</span> <span class='ocrx_word' id='word_1_259' title='bbox 1881 3644 2089 3713; x_wconf 88' lang='lat' dir='ltr'>futuri</span> <span class='ocrx_word' id='word_1_260' title='bbox 2121 3644 2191 3713; x_wconf 91' lang='lat' dir='ltr'>in</span> <span class='ocrx_word' id='word_1_261' title='bbox 2218 3646 2320 3727; x_wconf 83' lang='lat' dir='ltr'>bo,</span> <span class='ocrx_word' id='word_1_262' title='bbox 2340 3646 2610 3737; x_wconf 86' lang='lat' dir='ltr'>perfecti</span> <span class='ocrx_word' id='word_1_263' title='bbox 2638 3648 2709 3719; x_wconf 87' lang='lat' dir='ltr'>iu</span> <span class='ocrx_word' id='word_1_264' title='bbox 2734 3651 2801 3717; x_wconf 80' lang='lat' dir='ltr'>vi</span> 
     </span>
     <span class='ocr_line' id='line_1_32' title="bbox 615 3748 2797 3843; baseline 0.004 -26"><span class='ocrx_word' id='word_1_265' title='bbox 615 3748 717 3823; x_wconf 80' lang='lat' dir='ltr'>vel</span> <span class='ocrx_word' id='word_1_266' title='bbox 742 3750 842 3833; x_wconf 82' lang='lat' dir='ltr'>ui,</span> <span class='ocrx_word' id='word_1_267' title='bbox 870 3748 1060 3819; x_wconf 89' lang='lat' dir='ltr'>litera</span> <span class='ocrx_word' id='word_1_268' title='bbox 1085 3750 1122 3815; x_wconf 82' lang='lat' dir='ltr'><strong><em>b</em></strong></span> <span class='ocrx_word' id='word_1_269' title='bbox 1151 3755 1269 3816; x_wconf 90' lang='lat' dir='ltr'>aut</span> <span class='ocrx_word' id='word_1_270' title='bbox 1293 3772 1338 3817; x_wconf 87' lang='lat' dir='ltr'><strong><em>u</em></strong></span> <span class='ocrx_word' id='word_1_271' title='bbox 1359 3748 1440 3818; x_wconf 86' lang='lat' dir='ltr'>ad</span> <span class='ocrx_word' id='word_1_272' title='bbox 1465 3750 1739 3819; x_wconf 88' lang='lat' dir='ltr'>verbum</span> <span class='ocrx_word' id='word_1_273' title='bbox 1759 3752 1889 3819; x_wconf 74' lang='lat' dir='ltr'>bha</span> <span class='ocrx_word' id='word_1_274' title='bbox 1915 3776 1949 3819; x_wconf 87' lang='lat'>«</span> <span class='ocrx_word' id='word_1_275' title='bbox 1970 3751 2115 3824; x_wconf 85' lang='lat' dir='ltr'>fieri</span> <span class='ocrx_word' id='word_1_276' title='bbox 2137 3776 2201 3833; x_wconf 88' lang='lat'>»‚</span> <span class='ocrx_word' id='word_1_277' title='bbox 2226 3792 2311 3817; x_wconf 80' lang='lat'><strong>¹¹!-</strong></span> <span class='ocrx_word' id='word_1_278' title='bbox 2329 3752 2597 3843; x_wconf 86' lang='lat' dir='ltr'>perfecti</span> <span class='ocrx_word' id='word_1_279' title='bbox 2622 3754 2693 3828; x_wconf 84' lang='lat' dir='ltr'>in</span> <span class='ocrx_word' id='word_1_280' title='bbox 2710 3758 2797 3835; x_wconf 76' lang='lat' dir='ltr'>si,</span> 
     </span>
     <span class='ocr_line' id='line_1_33' title="bbox 619 3854 2803 3951; baseline 0.004 -28"><span class='ocrx_word' id='word_1_281' title='bbox 619 3855 710 3951; x_wconf 87' lang='lat' dir='ltr'>pl.</span> <span class='ocrx_word' id='word_1_282' title='bbox 731 3876 798 3943; x_wconf 88' lang='lat' dir='ltr'>q.</span> <span class='ocrx_word' id='word_1_283' title='bbox 822 3854 1092 3945; x_wconf 84' lang='lat' dir='ltr'>perfecti</span> <span class='ocrx_word' id='word_1_284' title='bbox 1111 3854 1183 3923; x_wconf 90' lang='lat' dir='ltr'>in</span> <span class='ocrx_word' id='word_1_285' title='bbox 1206 3878 1414 3935; x_wconf 82' lang='lat' dir='ltr'>eram,</span> <span class='ocrx_word' id='word_1_286' title='bbox 1444 3856 1566 3930; x_wconf 91' lang='lat' dir='ltr'>fut.</span> <span class='ocrx_word' id='word_1_287' title='bbox 1599 3858 1947 3927; x_wconf 90' lang='lat' dir='ltr'>anterioris</span> <span class='ocrx_word' id='word_1_288' title='bbox 1972 3859 2044 3929; x_wconf 92' lang='lat' dir='ltr'>in</span> <span class='ocrx_word' id='word_1_289' title='bbox 2070 3882 2208 3941; x_wconf 83' lang='lat' dir='ltr'>ero,</span> <span class='ocrx_word' id='word_1_290' title='bbox 2250 3868 2622 3951; x_wconf 90' lang='lat' dir='ltr'>temporum</span> <span class='ocrx_word' id='word_1_291' title='bbox 2648 3884 2803 3933; x_wconf 90' lang='lat' dir='ltr'>con-</span> 
     </span>
     <span class='ocr_line' id='line_1_34' title="bbox 613 3960 2797 4052; baseline 0.005 -21"><span class='ocrx_word' id='word_1_292' title='bbox 613 3960 896 4052; x_wconf 87' lang='lat' dir='ltr'>junctivi</span> <span class='ocrx_word' id='word_1_293' title='bbox 915 3961 986 4029; x_wconf 90' lang='lat' dir='ltr'>in</span> <span class='ocrx_word' id='word_1_294' title='bbox 1009 3984 1208 4043; x_wconf 81' lang='lat' dir='ltr'>erem,</span> <span class='ocrx_word' id='word_1_295' title='bbox 1229 3966 1417 4046; x_wconf 80' lang='lat' dir='ltr'>erim,</span> <span class='ocrx_word' id='word_1_296' title='bbox 1443 3966 1665 4045; x_wconf 69' lang='lat' dir='ltr'>issent,</span> <span class='ocrx_word' id='word_1_297' title='bbox 1691 3965 1880 4035; x_wconf 91' lang='lat' dir='ltr'>litera</span> <span class='ocrx_word' id='word_1_298' title='bbox 1906 3991 1964 4047; x_wconf 78' lang='grc' dir='ltr'>ε,</span> <span class='ocrx_word' id='word_1_299' title='bbox 1997 3968 2333 4038; x_wconf 85' lang='lat' dir='ltr'>interdum</span> <span class='ocrx_word' id='word_1_300' title='bbox 2364 3969 2434 4038; x_wconf 89' lang='lat' dir='ltr'>in</span> <span class='ocrx_word' id='word_1_301' title='bbox 2464 3993 2504 4037; x_wconf 80' lang='lat' dir='ltr'>r</span> <span class='ocrx_word' id='word_1_302' title='bbox 2520 3977 2797 4051; x_wconf 81' lang='lat' dir='ltr'>mutata,</span> 
     </span>
     <span class='ocr_line' id='line_1_35' title="bbox 621 4069 2801 4167; baseline 0.003 -25"><span class='ocrx_word' id='word_1_303' title='bbox 621 4069 705 4142; x_wconf 85' lang='lat' dir='ltr'>ad</span> <span class='ocrx_word' id='word_1_304' title='bbox 734 4069 1005 4141; x_wconf 84' lang='lat' dir='ltr'>verbum</span> <span class='ocrx_word' id='word_1_305' title='bbox 1036 4093 1113 4137; x_wconf 82' lang='lat' dir='ltr'>as</span> <span class='ocrx_word' id='word_1_306' title='bbox 1144 4094 1178 4135; x_wconf 74' lang='grc' dir='ltr'>(ι</span> <span class='ocrx_word' id='word_1_307' title='bbox 1205 4092 1348 4142; x_wconf 88' lang='lat' dir='ltr'>esse</span> <span class='ocrx_word' id='word_1_308' title='bbox 1372 4098 1406 4139; x_wconf 88' lang='lat'>»</span> <span class='ocrx_word' id='word_1_309' title='bbox 1439 4072 1644 4147; x_wconf 83' lang='lat' dir='ltr'>relata</span> <span class='ocrx_word' id='word_1_310' title='bbox 1664 4081 1801 4153; x_wconf 84' lang='lat' dir='ltr'>est;</span> <span class='ocrx_word' id='word_1_311' title='bbox 1849 4075 2024 4164; x_wconf 86' lang='lat' dir='ltr'>quod</span> <span class='ocrx_word' id='word_1_312' title='bbox 2054 4077 2329 4147; x_wconf 83' lang='lat' dir='ltr'>verbum</span> <span class='ocrx_word' id='word_1_313' title='bbox 2354 4100 2505 4147; x_wconf 90' lang='lat' dir='ltr'>cum</span> <span class='ocrx_word' id='word_1_314' title='bbox 2537 4078 2801 4167; x_wconf 86' lang='lat' dir='ltr'>propria</span> 
     </span>
     <span class='ocr_line' id='line_1_36' title="bbox 602 4176 2794 4277; baseline 0.005 -33"><span class='ocrx_word' id='word_1_315' title='bbox 602 4176 840 4252; x_wconf 64' lang='lat' dir='ltr'>⁴radice</span> <span class='ocrx_word' id='word_1_316' title='bbox 899 4177 970 4247; x_wconf 90' lang='lat' dir='ltr'>in</span> <span class='ocrx_word' id='word_1_317' title='bbox 1013 4180 1301 4265; x_wconf 75' lang='lat' dir='ltr'>-is-sem‚</span> <span class='ocrx_word' id='word_1_318' title='bbox 1357 4202 1511 4251; x_wconf 90' lang='lat' dir='ltr'>cum</span> <span class='ocrx_word' id='word_1_319' title='bbox 1573 4180 1796 4252; x_wconf 87' lang='lat' dir='ltr'>radice</span> <span class='ocrx_word' id='word_1_320' title='bbox 1852 4183 1983 4251; x_wconf 64' lang='lat' dir='ltr'>bhv}</span> <span class='ocrx_word' id='word_1_321' title='bbox 2042 4184 2111 4253; x_wconf 90' lang='lat' dir='ltr'>in</span> <span class='ocrx_word' id='word_1_322' title='bbox 2156 4208 2339 4259; x_wconf 78' lang='lat' dir='ltr'>—veno</span> <span class='ocrx_word' id='word_1_323' title='bbox 2394 4185 2415 4276; x_wconf 95' lang='lat'><strong>(</strong></span> <span class='ocrx_word' id='word_1_324' title='bbox 2445 4187 2794 4277; x_wconf 77' lang='lat' dir='ltr'>amavero)</span> 
     </span>
     <span class='ocr_line' id='line_1_37' title="bbox 621 4282 2799 4387; baseline 0.008 -39"><span class='ocrx_word' id='word_1_325' title='bbox 621 4282 841 4371; x_wconf 90' lang='lat' dir='ltr'>ipsum</span> <span class='ocrx_word' id='word_1_326' title='bbox 881 4284 1320 4375; x_wconf 88' lang='lat' dir='ltr'>compositum</span> <span class='ocrx_word' id='word_1_327' title='bbox 1356 4288 1747 4378; x_wconf 84' lang='lat' dir='ltr'>reperiatur.</span> <span class='ocrx_word' id='word_1_328' title='bbox 1802 4289 2112 4379; x_wconf 87' lang='lat' dir='ltr'>Ejusdem</span> <span class='ocrx_word' id='word_1_329' title='bbox 2156 4294 2333 4363; x_wconf 84' lang='lat' dir='ltr'>verbi</span> <span class='ocrx_word' id='word_1_330' title='bbox 2377 4318 2452 4363; x_wconf 75' lang='lat' dir='ltr'>aa</span> <span class='ocrx_word' id='word_1_331' title='bbox 2483 4296 2799 4387; x_wconf 81' lang='lat' dir='ltr'>praeteriti</span> 
     </span>
    </p>
   </div>
   <div class='ocr_carea' id='block_1_3' title="bbox 3204 543 3210 1142">
    <p class='ocr_par' dir='ltr' id='par_1_5' title="bbox 3204 543 3210 1142">
     <span class='ocr_line' id='line_1_38' title="bbox 3204 543 3210 1142; baseline 0 0"><span class='ocrx_word' id='word_1_332' title='bbox 3204 543 3210 1142; x_wconf 95' lang='lat' dir='ltr'> </span> 
     </span>
    </p>
   </div>
  </div>
 </body>
</html>
