3234 5150
1314 419 1595 475 ...97—

365 543 689 612 rationem
749 542 1083 611 illustrare
1142 543 1366 620 simul,
1427 550 1491 611 ct
1558 542 1612 610 si
1670 542 1812 611 fieri
1868 542 2100 633 possit,
2157 544 2547 613 confirmare

369 649 605 719 enitar.
2549 668 2555 674 ·

456 757 631 824 Hanc
672 762 891 837 autem
925 757 1125 826 finem
1156 758 1529 847 petentibus
1558 759 1767 836 nulla,
1811 758 1879 824 ni
1929 759 2145 838 fallor,
2181 759 2283 828 via
2335 759 2548 848 aperi-

328 879 335 887 ·
372 869 504 940 tur,
543 862 673 930 nisi
702 868 778 930 ut
796 886 1005 953 quum
1035 865 1421 933 eorumdem
1440 867 1812 934 thematum
1848 864 2221 954 partitione,
2256 865 2325 938 in
2353 865 2550 934 verbo

369 968 635 1058 quidem
668 970 1018 1038 modorum
1050 971 1458 1049 discrimina,
1493 972 1563 1039 in
1601 972 1870 1041 nomine
1901 979 2120 1041 autem
2166 973 2293 1039 alia
2323 972 2552 1040 effecta

372 1075 527 1160 sint,
582 1076 1120 1169 introspiciamus
1165 1087 1393 1148 utrum
1434 1079 1593 1169 quid
1642 1079 1838 1148 affine
1875 1079 2114 1148 diversi
2164 1078 2264 1146 illi
2291 1080 2554 1148 colores

313 1199 327 1210 ·
371 1183 441 1251 in
470 1184 665 1253 verbo
710 1185 878 1254 etin
927 1187 1193 1256 nomine
1240 1187 1764 1256 habeant.‘Nihil
1812 1187 1882 1255 in
1927 1186 2385 1276 disquisitione
2417 1193 2552 1255 tam

373 1291 654 1361 obscura
717 1289 949 1383 majus‘
1004 1316 1265 1385 sperare
1328 1315 1686 1384 possumus
1750 1317 1949 1384 quam
2015 1296 2185 1362 hanc
2254 1301 2556 1382 ἀναλογίαν

369 1421 576 1489 graece
605 1395 849 1470 dictam
886 1408 1208 1472 statuere:
1242 1402 1636 1471 indicativus
1661 1409 1726 1470 et
1755 1411 2034 1492 uterque
2063 1401 2300 1472 modus
2327 1403 2556 1471 eadem

370 1507 541 1576 inter
583 1529 652 1592 se
699 1509 952 1577 ratione
996 1509 1311 1579 differunt
1362 1517 1558 1600 atque
1608 1511 1661 1578 N
1704 1515 1769 1580 et
1808 1511 1864 1576 M
1903 1510 2250 1579 nominum
2285 1511 2552 1578 classes,

368 1614 513 1685 Jam
571 1615 879 1684 ultimam
930 1617 1011 1684 de
1064 1617 1413 1685 modorum
1481 1615 1735 1705 origine
1780 1617 2232 1737 quaestionem,
2298 1616 2558 1685 etiamsi

372 1721 595 1790 minus
628 1729 777 1813 apte
810 1723 1155 1792 soluturus
1196 1723 1347 1802 sim,
1386 1729 1534 1813 apte
1562 1731 1784 1792 tamen
1824 1724 2244 1867 proposuisse
2274 1747 2380 1839 me
2407 1747 2559 1794 con-

376 1827 530 1912 fido.
2475 1885 2482 1893 .

384 2017 389 2022 ,
460 1937 709 2006 Classes
752 1943 973 2012 autem
1036 1937 1383 2007 nominum
1442 1938 1524 2006 ad
1574 1937 1704 2006 duo
1754 1959 1992 2060 genera
2053 1937 2122 2007 in
2174 1938 2556 2009 universum

329 2043 342 2058 ⁸
372 2042 600 2116 referri
630 2054 927 2135 possunt,
954 2055 1256 2115 concreta
1278 2053 1343 2116 et
1368 2047 1697 2115 abstracta
1729 2047 2021 2116 nomina.
2055 2047 2366 2117 Concrcta
2399 2057 2561 2117 sunt

372 2151 641 2236 nomina
690 2153 968 2243 agentis,
1021 2153 1329 2245 patientis
1358 2159 1423 2223 et
1451 2153 1677 2223 omnia
1721 2155 2038 2244 adjectiva
2075 2162 2188 2224 aut
2213 2155 2558 2247 participia

373 2259 571 2343 dicta,
622 2281 661 2328 e
706 2260 951 2349 quibus
1006 2260 1328 2351 paulatim
1394 2262 1784 2352 appellativa
1858 2263 2267 2332 substantiva
2329 2263 2558 2331 effecta

373 2374 551 2445 sunt.
577 2367 913 2437 Abstracta
937 2389 1089 2437 vero
1119 2373 1277 2437 sunt
1296 2369 1573 2438 nomina
1601 2369 1879 2439 actionis
1909 2375 1972 2438 et
1997 2369 2356 2460 qualitatis,
2385 2369 2560 2437 Nihil

374 2473 577 2563 igitur
611 2475 821 2565 magis
868 2476 1135 2544 obvium
1182 2483 1282 2545 est
1326 2498 1527 2567 quam
1577 2476 1888 2566 indagare
1934 2499 2019 2544 an
2068 2499 2199 2545 non
2238 2499 2274 2546 e
2313 2478 2560 2545 thema·

372 2582 553 2653 tibus
580 2584 1031 2655 nominalibus
1062 2586 1133 2654 in
1163 2585 1343 2654 verbi
1396 2586 1832 2655 declinatione
1865 2586 2227 2677 usurpatiS‚
2269 2587 2559 2675 themata

376 2691 709 2763 indicativi
774 2693 963 2762 alteri
1018 2693 1289 2762 illorum
1338 2714 1678 2783 generum,
1737 2694 2140 2783 conjunctivi
2183 2699 2248 2763 et
2293 2692 2559 2785 optativi

374 2802 665 2871 themata
720 2801 907 2870 alteri
958 2802 1417 2894 respondeant.
1466 2801 1873 2892 Conjunctivi
1913 2804 2135 2871 thema
2185 2802 2254 2870 in
2305 2801 2560 2892 simpli-

376 2908 685 2989 cissimis,
743 2908 810 2976 id
864 2916 965 2979 est
1010 2910 1313 2979 secundae
1361 2909 1591 2977 classis
1629 2908 1893 2986 formis,
1952 2907 2240 2975 nominis
2286 2906 2562 2975 actionis

377 3017 596 3088 simile
635 3020 798 3089 'esse
858 3020 997 3109 jam
1057 3017 1191 3086 dixi
1236 3018 1329 3107 (p.
1361 3016 1501 3099 52),
1564 3021 1630 3085 et
1679 3016 1854 3085 idem
1907 3015 2096 3085 infra
2141 3015 2219 3084 de
2254 3014 2561 3106 ‘optativi

376 3126 665 3195 themate
730 3125 1218 3200 demonstrabo,
1284 3124 1497 3201 Quum
1576 3129 1799 3192 autem
1869 3121 2208 3191 indicativi
2273 3126 2562 3193 themata

373 3215 821 3319 grammaticae
868 3231 1327 3322 comparativae
1390 3230 1742 3321 scriptores
1800 3230 2098 3320 plerique
2153 3228 2252 3298 ad,
2292 3228 2561 3297 nomina

375 3339 625 3426 agentis
660 3340 969 3410 referant
994 3392 1009 3419 ,
1069 3338 1401 3430 proposita
1469 3337 1746 3427 quaestio
1804 3338 1944 3429 jam
2005 3336 2096 3407 ita
2155 3336 2368 3406 soluta
2422 3360 2564 3407 esse

373 3445 656 3525 videtur,
687 3454 785 3515 >rut
814 3447 1239 3516 indicativus
1297 3452 1363 3515 et
1411 3452 1692 3535 uterquc
1743 3446 1978 3514 modus
2033 3444 2263 3515 eadem
2309 3445 2564 3514 ratione

380 3551 572 3637 inter.
622 3576 691 3623 se
749 3555 1058 3625 differant
1124 3560 1320 3643 atque
1380 3553 1651 3621 nomina
1705 3553 1955 3642 agentis
2007 3558 2073 3621 et
2127 3552 2396 3621 nomina
2456 3575 2563 3621 ac-

379 3661 601 3735 tionis,
636 3662 721 3729 Ea
761 3662 1029 3752 quidem
1084 3669 1183 3732 est
1231 3660 1611 3751 quaestionis
1658 3659 1956 3729 enodatio
2007 3660 2077 3727 in
2124 3682 2250 3750 qua
2277 3659 2565 3749 denique

380 3770 794 3858 acquiescere
846 3777 1099 3838 certum
1150 3769 1381 3837 habeo.
1443 3768 1567 3835 Res
1606 3772 1827 3836 autem
1873 3788 2006 3835 non
2047 3766 2137 3834 ita
2183 3762 2567 3856 simpliciter

380 3877 625 3951 absolvi
668 3885 904 3968 potest,
956 3883 1031 3945 ut
1074 3876 1288 3967 prima
1339 3874 1554 3965 specie
1588 3873 2199 3943 forsan-existimes.
2246 3874 2414 3944 Nam·
2448 3874 2564 3964 qui

376 3984 713 4072 indicativi
746 3987 1035 4054 themata
1068 3983 1289 4052 omnia
1315 3980 1700 4050 nominibus
1727 3981 1976 4071 agentis
2006 3982 2559 4051 assimilaverunt.

380 4092 597 4165 iidem
616 4114 667 4162 e·
690 4092 1109 4183 conjunctivo
1142 4112 1407 4181 quoque
1451 4110 1693 4158 nomen
1739 4089 2015 4178 agentis,
2067 4090 2309 4158 omisso
2341 4111 2567 4159 accen-

381 4206 491 4269 tus
546 4207 871 4293 respectu,
930 4220 1161 4269 eruere
1209 4219 1343 4266 non
1404 4196 1890 4274 dubitaverunt,
1939 4196 2120 4285 quod
2162 4195 2379 4295 Curtio
2426 4195 2567 4285 ipse

378 4330 593 4398 supr-a
609 4308 767 4377 vitio
792 4306 965 4379 dedi.
995 4308 1132 4375 Imo
1160 4326 1243 4373 ne
1272 4304 1322 4371 ii
1348 4302 1616 4393 quidem
1643 4305 1934 4373 themata
1965 4287 2270 4373 secundae
2303 4302 2558 4381 classis,

2285 4434 2310 4483 7
