3234 5150
1380 410 1660 467 -87-

430 533 659 624 lingua
686 535 881 625 vulgo
915 541 1174 606 tantum
1206 537 1489 627 optativo
1536 536 1881 627 particulis
1921 565 1989 610 κε
2023 547 2135 608 aut
2175 549 2242 611 ἂν
2289 541 2611 614 instructo

430 646 574 735 (aut
600 644 840 712 iisdem
887 645 1207 715 instructo
1244 645 1650 735 indicativo).
1691 647 1896 726 Quem
1932 631 2280 717 modorum
2312 672 2509 720 usum
2543 652 2612 723 in

428 751 767 874 superiore
784 752 1015 842 capitis
1046 760 1229 843 parte
1255 753 1335 821 de
1364 753 1719 843 praecipuis
1759 755 2102 824 sententiis
2134 757 2228 847 (p
2268 759 2373 848 75)
2417 760 2611 880 omisi

427 868 491 930 et
530 860 601 927 in
632 861 800 928 hanc
828 860 1096 931 differre
1132 861 1363 930 malui.

513 969 900 1058 Exemplum
940 975 1045 1042 est
1093 969 1497 1059 conjunctivi
1544 969 1848 1039 vedicum
1887 971 2026 1048 :vl,
2063 971 2172 1048 60,
2218 973 2281 1050 1,
2334 977 2614 1060 cndthad

426 1079 704 1147 vritrdm
730 1083 849 1144 utci
871 1079 1094 1144 sancti
1121 1081 1363 1168 va‘jam
1408 1081 1613 1146 indra
1659 1087 1740 1166 yo
1783 1078 1965 1167 aqni'
1989 1081 2222 1146 sdhuri
2249 1085 2609 1170 saparyc‘z't,

432 1187 711 1254 «Feriat
743 1185 998 1255 hostem
1030 1191 1095 1254 et
1128 1185 1376 1274 potitur
1424 1185 1688 1276 (indic.)
1735 1185 1955 1275 praeda
1985 1236 2000 1262 ‚
2058 1187 2172 1277 qui
2235 1188 2496 1257 Indram
2553 1196 2617 1258 et

426 1293 659 1383 Agnim
724 1292 1003 1364 victores
1034 1295 1289 1362 colat.»

406 1473 421 1486 ‚
516 1401 863 1491 Sequentia
900 1401 1169 1492 optativi
1208 1402 1504 1491 exempla
1542 1401 1980 1472 illustrabunt
2023 1424 2224 1471 usum
2271 1403 2448 1472 modi
2501 1405 2618 1474 hu.

420 1512 537 1602 jus
593 1511 663 1580 in
730 1510 1075 1600 praecipuis
1137 1510 1696 1580 conditionalibus
1759 1511 1960 1581 simul
2027 1519 2091 1580 et
2158 1512 2227 1580 in
2301 1513 2616 1604 subjectis

428 1618 870 1688 conditionem
927 1617 1480 1708 exprimentibus,
1553 1641 1840 1708 quarum
1893 1620 2190 1689 nondum
2235 1620 2373 1689 ulla
2423 1622 2616 1690 allata

426 1733 527 1818 cst
577 1751 593 1793 ε
645 1727 793 1803 VIII,
856 1727 962 1804 14,
1013 1727 1075 1804 1,
1123 1729 1255 1815 ydd
1298 1729 1662 1794 indrahdm
1701 1731 1903 1816 ydthc'z
1951 1735 2125 1794 tva'm
2166 1733 2361 1817 i'ciya
2416 1736 2618 1797 vdsva

428 1837 551 1904 elea
596 1843 648 1901 it
683 1874 767 1886 —
810 1837 1002 1901 stota'
1052 1857 1153 1902 me
1199 1836 1533 1923 qoshakha
1571 1845 1744 1923 syot,
1794 1835 1926 1902 «Si
1967 1857 2109 1924 eg0‚
2163 1857 2200 1902 o
2254 1835 2469 1914 Indra‚
2533 1837 2619 1904 si-

431 1950 542 2014 cut
587 1950 687 2020 tu,
744 1942 1148 2034 possiderem
1196 1964 1371 2010 unus
1438 1942 1721 2021 divitias,
1779 1942 2083 2011 laudator
2144 1964 2331 2011 meus
2387 1966 2618 2014 vaccas

431 2051 698 2120 haberet
722 2076 783 2128 »,
803 2080 867 2130 π,
900 2051 1011 2128 99,
1038 2053 1111 2119 Αἳ
1135 2059 1246 2138 γὰρ
1277 2057 1421 2138 ἐγὼν
1451 2059 1591 2119 οὕτω
1619 2060 1745 2129 νέος
1782 2056 1901 2134 εἴην
1928 2049 2059 2137 τῷδ’
2093 2057 2182 2118 ἐπὶ
2206 2059 2386 2137 θυμῷ,
2416 2060 2454 2136 ἢ
2480 2065 2616 2134 παῖς

432 2163 494 2242 ἐξ
522 2159 787 2244 Ὀδυσῆος
812 2165 1093 2244 ἀμύμονος
1121 2166 1189 2246 ἠὲ
1218 2162 1311 2226 καὶ
1330 2165 1491 2238 αὐτὸς
1513 2188 1525 2200 ·
1548 2157 1724 2227 αὐτίκ’
1759 2157 1936 2226 ἔπειτ’
1960 2157 2065 2226 ἀπ’
2082 2164 2241 2242 ἐμὲῖο
2271 2166 2416 2246 κάρη
2447 2169 2611 2244 τάμοι

429 2277 731 2360 ἀλλότριος
758 2278 895 2356 φώς.

518 2377 602 2446 De
634 2375 987 2466 praecipuis
1022 2376 1576 2443 conditionalibus
1608 2396 1645 2442 a
1679 2396 1864 2442 mera
1893 2373 2102 2442 futuri
2135 2375 2400 2446 notione
2439 2375 2614 2444 deri-

392 2565 397 2567 ·
432 2484 663 2554 vandis
692 2484 931 2552 iterare
966 2503 1523 2575 supervacaneum
1554 2490 1655 2551 est
1686 2483 1860 2571 quod
1917 2483 1997 2550 de
2047 2483 2275 2552 eadem
2316 2482 2614 2552 doctrina

435 2594 517 2663 ad
556 2592 952 2663 conditionis
1000 2591 1504 2661 declarationem
1566 2589 2018 2680 explicandam
2069 2591 2358 2660 adhibita
2415 2614 2614 2682 supra

432 2702 589 2771 dixi.
641 2704 767 2771 Hoc
816 2708 1039 2770 tamen
1086 2708 1301 2769 tacere
1362 2721 1494 2769 non
1544 2721 1861 2789 possum:
1909 2721 2145 2790 nempe
2185 2700 2252 2768 in
2285 2702 2611 2791 ejusmodi

430 2810 741 2903 periodiS,
777 2807 1096 2899 optativos
1126 2815 1242 2876 aut
1278 2807 1731 2897 conjunctivos
1760 2805 2220 2875 exhibentibus
2262 2815 2398 2876 tam
2437 2816 2608 2898 apte,

430 2919 711 2988 alterum
740 2918 955 2996 alteri,
1002 2916 1492 3007 respondentes,
1532 2916 1744 2983 multo
1774 2915 1972 2983 etiam
2021 2915 2514 3004 exquisitiorem
2544 2924 2608 2985 et

428 3028 635 3109 nimia
662 3033 801 3096 arte
831 3026 1052 3094 fictam
1092 3024 1699 3113 interpretationem
1739 3022 1943 3090 videri
1977 3044 2106 3111 qua
2137 3024 2610 3092 sententiarum

430 3134 807 3225 conjunctio
877 3132 1251 3207 dirimatur,
1299 3138 1365 3199 et
1414 3137 1692 3220 utraque
1734 3128 1918 3197 nullo
1981 3130 2252 3199 alterius
2313 3138 2612 3221 respectu

430 3240 811 3333 explicanda
864 3247 1305 3330 proponatu1‘3
1350 3237 1718 3329 praesertim
1763 3237 1833 3303 in
1866 3236 2109 3327 quibus
2136 3237 2424 3331 periodis
2458 3260 2611 3307 con-

423 3352 762 3442 junctivus
817 3357 1175 3439 usurpatus
1229 3354 1349 3425 cst,
1403 3369 1610 3435 quum
1676 3346 1743 3413 in
1799 3346 1880 3413 iis
1937 3347 2066 3415 duo
2124 3348 2602 3437 conjunctiVOS,

429 3460 711 3528 alterum
744 3459 947 3527 altera
976 3458 1252 3534 ratione,
1289 3454 1721 3523 Delbruckius
1755 3454 2099 3544 intelligat.

517 3566 731 3634 Unum
778 3574 997 3634 tamen
1029 3565 1109 3633 de
1148 3563 1435 3653 optativo
1466 3561 1842 3631 addendum
1877 3568 2084 3630 est-ne
2110 3562 2484 3631 Delbruckii
2515 3585 2612 3631 ar-

428 3681 818 3765 gumentum
868 3671 1169 3741 omisisse
1205 3671 1451 3748 videar,
1486 3671 1941 3738 demonstrare
1981 3669 2250 3737 nitentis
2280 3672 2608 3759 quomodo

432 3808 469 3854 a
499 3784 789 3860 notione,
824 3804 957 3850 non
981 3783 1120 3871 jam
1145 3768 1377 3856 futuri,
1412 3779 1525 3848 sed
1554 3780 1764 3870 ipsius
1793 3779 2146 3868 cupidiniS‚
2175 3780 2255 3846 ad
2274 3777 2606 3847 notionem

432 3893 715 3963 fictionis
753 3898 816 3959 et
851 3889 1247 3961 conditionis
1273 3895 1668 3977 transeatur.
1707 3887 2072 3956 Sententias
2097 3888 2391 3978 exempla
2418 3888 2608 3956 affert

431 4004 524 4093 (p.
547 4003 729 4093 258),
752 3996 1087 4089 qualis-est
1107 3999 1273 4081 haec,
1290 4006 1347 4083 θ,
1376 3998 1531 4083 465,
1549 4003 1710 4065 Οὕτω
1728 4006 1820 4063 νῦν
1839 4001 1972 4074 Ζεὺς
1995 4003 2141 4078 θείη,
2167 4000 2489 4085 ἐρίγδουπος
2511 4004 2611 4065 πό-

431 4141 512 4194 σις
525 4111 734 4202 Ἥρης,
752 4116 943 4180 οἴκαδέ
970 4109 1019 4177 τ’
1039 4114 1359 4190 ἐλθέμεναι,
1384 4112 1477 4173 καὶ
1493 4114 1744 4189 νόστιμον
1762 4107 1915 4193 ἦμαρ
1947 4110 2173 4173 ἰδέσθαι·
2194 4116 2273 4189 τῷ
2296 4112 2394 4171 κέν
2412 4132 2495 4172 τοι
2515 4110 2608 4172 καὶ

429 4231 602 4299 κεῖθι,
625 4229 739 4305 θεῷ
770 4229 871 4297 ὣς,
896 4224 1275 4304 εὐχετοῴμην,
1301 4216 1477 4283 unde
1505 4214 1696 4281 facile
1724 4213 1806 4280 ad
1835 4218 2213 4301 sequentem
2244 4211 2600 4279 transitur:

370 4398 377 4408 ,
432 4341 509 4408 11,
546 4330 700 4409 722,
738 4324 869 4397 Αἴθ’
902 4335 1025 4394 ὅσον
1055 4335 1235 4411 ἥσσων
1264 4328 1397 4408 εἰμί,
1427 4332 1586 4393 τόσον
1619 4331 1712 4391 σέο
1762 4330 2022 4410 φέρτερος
2070 4324 2207 4403 εἴην·
2240 4332 2321 4407 τῷ
2358 4348 2426 4388 κε
2460 4328 2608 4407 τάχα
