3234 5150
1660 441 1941 497 -28-

715 561 1132 648 formatione,
1169 587 1322 636 cum
1363 578 1797 658 personarum
1838 566 2071 656 signiS,
2117 565 2304 634 nullo
2348 565 2565 634 medio
2612 566 2895 637 interve-

716 677 937 746 niente
969 676 1292 744 elemento
1335 675 1564 754 coiret,
1607 676 1759 764 jure
1787 674 1917 742 dici
1946 678 2166 765 posset
2212 673 2281 740 in
2319 675 2579 764 passivo
2620 677 2901 744 sanseri-

714 786 868 863 tico,
889 785 945 852 si
971 784 1163 853 modo
1188 789 1360 852 esset
1377 783 1845 873 compositum,
1865 783 2140 854 verbum
2165 807 2199 846 «
2232 781 2329 851 ire
2353 783 2661 874 »copulae
2690 783 2901 854 instar

713 892 1074 962 abundare.

802 999 938 1066 lmo
992 995 1308 1065 auxiliare
1362 995 1432 1063 in
1497 993 1883 1085 compositis
1934 1013 2083 1082 quae
2124 999 2446 1082 putantur
2498 994 2730 1064 formis
2782 995 2903 1064 ali-

715 1106 977 1196 quando
1024 1126 1154 1172 non
1205 1103 1561 1181 abundare,
1617 1087 1731 1171 sed
1773 1101 1993 1192 potius
2039 1123 2179 1170 rem
2217 1101 2559 1193 implicare
2591 1125 2899 1193 praenun-

715 1213 894 1290 tiavi,
946 1212 1123 1301 quod
1171 1211 1239 1278 in
1282 1210 1523 1300 passivi
1559 1209 1756 1300 graeci
1786 1210 2001 1300 primo
2031 1209 2271 1278 aoristo
2300 1211 2657 1300 futuroque
2688 1211 2901 1281 mani-

715 1320 959 1388 festum
1017 1323 1142 1387 est.
1187 1317 1424 1386 Radice
1469 1317 1651 1385 enim
1697 1319 1849 1383 dha·
1886 1343 1919 1380 «
1940 1316 2231 1394 facere»,
2288 1317 2348 1384 si
2402 1317 2902 1388 terminationes

719 1426 1021 1496 omiseris
1057 1447 1205 1516 quae
1243 1424 1312 1493 in
1344 1424 1588 1494 aoristo
1627 1423 1820 1492 activi
1862 1432 2019 1492 sunt
2055 1424 2337 1513 generi5‚
2372 1425 2709 1514 passivum
2739 1447 2906 1494 nun»

717 1556 918 1624 quam
949 1532 1305 1624 significari
1353 1531 1588 1622 potuit,
1640 1531 1755 1601 sed
1802 1531 2023 1621 potius
2068 1531 2355 1599 activum
2397 1539 2471 1601 ut
2523 1532 2593 1599 in
2646 1533 2899 1622 anglica

717 1643 942 1731 lingua
975 1643 1032 1731 (1
1064 1644 1147 1708 do
1191 1643 1380 1730 seat),
1431 1647 1546 1708 aut
1581 1639 1778 1708 etiam
1813 1639 2223 1707 causativum
2244 1642 2263 1678 ¹
2298 1644 2374 1708 ut
2406 1639 2475 1707 in
2503 1639 2731 1718 latina,-
2762 1643 2900 1729 Jam

718 1750 934 1819 allatae
976 1772 1212 1816 venum
1267 1751 1368 1816 ire
1423 1748 1746 1837 opposita,
1798 1747 2129 1816 locutione
2177 1771 2413 1814 venum
2464 1750 2649 1827 dare,
2712 1749 2901 1837 cujus

716 1859 990 1927 verbum
1020 1858 1228 1924 dare
1205 1877 1357 1946 Jure
1382 1855 1594 1946 magis
1625 1855 1706 1924 ad
1755 1855 2043 1924 radicem
2082 1857 2216 1922 dha
2247 1876 2566 1946 «ponere,
2594 1856 2817 1924 facere
2836 1881 2896 1935 »,

717 1987 918 2056 quam
950 1965 1032 2034 ad
1062 1964 1352 2034 radicem
1394 1966 1486 2032 ἀᾱ
1539 1990 1572 2028 «
1596 1964 1802 2034 dare»
1854 1963 2186 2033 retuleris.

806 2073 1111 2143 Radicem
1159 2097 1247 2162 ya
1293 2072 1444 2141 «ire
1473 2097 1506 2136 »
1550 2079 1804 2152 contra,
1856 2094 2001 2161 quae
2043 2072 2098 2140 si
2145 2065 2383 2162 parum
2424 2073 2507 2142 ad
2539 2071 2901 2161 passivum,

719 2181 996 2251 minime
1026 2187 1199 2250 certe
1227 2181 1308 2250 ad
1343 2179 1755 2249 causativum
1798 2180 2301 2270 exprimendum
2343 2181 2538 2260 valet,
2582 2179 2654 2248 in
2685 2201 2909 2249 causa-

720 2290 850 2357 tivo
913 2288 1296 2358 sanseritico
1359 2288 1763 2378 (bodhdyati)
1838 2288 2177 2378 reperiunt
2230 2289 2344 2377 qui
2423 2288 2907 2359 denominativa

719 2398 914 2468 verba
966 2397 1036 2464 in
1084 2395 1467 2464 universum
1496 2417 1533 2464 e
1563 2395 1965 2463 thematibus
1993 2395 2441 2464 nominalibus
2480 2418 2633 2465 cum
2678 2395 2909 2467 formis

722 2504 966 2575 radicis
992 2528 1081 2594 ya
1108 2503 1490 2595 compositis
1520 2510 1662 2572 orta
1692 2524 1835 2572 esse
1871 2511 2195 2574 asserunt.
2239 2504 2416 2574 Hanc
2450 2526 2601 2574 vero
2632 2504 2912 2575 difficult-

722 2619 934 2681 tatem.
955 2612 1160 2679 sensit
1183 2612 1444 2680 Curtius
1465 2614 1946 2702 (Chronoloyie,
1966 2635 2033 2703 p.
2050 2614 2194 2702 96),
2214 2619 2277 2682 et
2304 2613 2609 2702 expedire
2638 2619 2910 2684 conatus

723 2727 822 2789 est
867 2720 1026 2787 dum
1062 2719 1250 2787 finxit
1305 2720 1626 2789 causativi
1673 2741 1943 2788 sensum
1999 2721 2069 2787 in
2116 2720 2444 2810 ejusmodi
2489 2721 2721 2791 formis
2749 2777 2765 2804 ,
2800 2730 2914 2792 aut

726 2827 1159 2896 recentiorem
1203 2848 1372 2907 esse,
1407 2834 1520 2896 aut
1557 2827 1640 2895 ad
1679 2828 1900 2918 ipsum
1950 2849 2193 2896 nomen
2236 2850 2314 2897 ex
2361 2850 2491 2917 quo
2533 2829 2914 2898 denomina-

726 2935 936 3004 tivum
963 2933 1235 3003 verbum
1265 2934 1575 3004 effectum
1607 2939 1729 3013 est,
1753 2934 2195 3003 referendum.
2230 2934 2578 3003 Posteriori
2607 2937 2911 3025 equidem

729 3042 1251 3133 interpretationi
1280 3065 1356 3112 eo
1385 3041 1698 3112 libentius
1726 3043 2032 3111 accedam
2068 3043 2242 3131 quod
2273 3042 2683 3111 simillimam
2714 3066 2913 3135 supra

730 3150 810 3217 ad
840 3150 1174 3240 passivum
1197 3151 1666 3242 explicandum
1687 3151 1903 3219 attuli.
1924 3151 2179 3218 Rursus
2204 3158 2422 3218 autem
2456 3152 2620 3219 mihi
2649 3151 2913 3220 doctum

729 3257 946 3326 virum
978 3279 1286 3327 assensui
1289 3281 1403 3325 um
1433 3280 1574 3327 esse
1607 3279 1798 3348 spero
1833 3257 2276 3338 concludenti,
2311 3258 2380 3325 in
2412 3258 2644 3327 formis
2674 3258 2915 3347 quibus

732 3364 1046 3433 auxiliare
1079 3388 1167 3453 ya
1199 3365 1414 3433 inesse
1439 3366 1653 3455 fingit,
1687 3367 1858 3433 hanc
1886 3365 2218 3433 fictionem
2242 3364 2469 3433 sensui
2502 3366 2907 3455 explicando.

734 3472 790 3540 si
821 3472 1044 3541 minus
1079 3472 1312 3553 officit,
1335 3494 1576 3565 parum
1611 3480 1789 3542 certe
1818 3473 2154 3562 prodesse.

819 3578 965 3646 Haec
1004 3585 1160 3647 sunt
1195 3579 1354 3659 fere,
1398 3578 1576 3669 quod
1624 3579 1705 3647 ad
1752 3600 2021 3647 sensum
2056 3577 2317 3657 attinet,
2362 3600 2509 3668 quae
2549 3586 2779 3648 contra·
2813 3579 2918 3649 ad·

736 3686 1178 3756 versariorum
1261 3686 1655 3756 sententiam
1732 3686 2102 3775 objicienda
2159 3686 2508 3754 habebam.
2578 3687 2762 3755 Nunc
2834 3688 2915 3756 de

739 3793 952 3861 form-a
1011 3794 1508 3886 disputandum,
1561 3794 1631 3862 in
1692 3815 1823 3885 qua
1882 3795 2008 3861 hoc
2064 3814 2265 3883 supra
2326 3792 2573 3861 dictum
2634 3794 2915 3863 maxime

739 3900 1101 3969 notandum
1161 3909 1283 3981 est,
1339 3909 1488 3970 ante
1533 3902 1809 3971 verbum
1866 3900 2207 3982 auxiliare,
2274 3901 2330 3969 si
2398 3901 2573 3991 quod
2626 3910 2748 3982 est,
2816 3923 2918 3971 ra-

801 4142 850 4193 4.
883 4143 1016 4193 Hanc
1050 4142 1391 4192 difficultatem
1415 4157 1530 4192 cum
1566 4143 1739 4193 multis
1772 4142 1927 4192 sensit
1952 4143 2169 4202 CurtiUS,
2202 4142 2290 4206 qui
2332 4142 2393 4192 ad
2422 4156 2531 4192 eam
2570 4139 2919 4192 removendam

744 4214 885 4264 finxit
917 4215 1035 4279 (Das
1060 4213 1282 4271 Verbum,
1308 4214 1372 4271 11,
1396 4228 1444 4276 p.
1471 4211 1582 4276 552)
1608 4216 1824 4263 themata
1849 4215 2032 4277 quibus
2058 4232 2074 4264 ι
2072 4216 2199 4267 adix
2222 4214 2370 4264 dhe-1
2356 4229 2516 4265 messe
2544 4215 2796 4265 contendit
2816 4228 2918 4265 non

744 4300 804 4349 p]
807 4286 885 4335 ius
909 4287 970 4335 ad
996 4292 1146 4344 certa,
1165 4299 1253 4333 seu
1272 4291 1464 4348 tempm
1467 4300 1510 4342 a,
1533 4299 1622 4333 seu
1637 4299 1834 4346 genera,
1855 4285 2170 4349 exprimenda
2190 4286 2345 4337 fuisse
2364 4285 2746 4344 accommodata,
2767 4299 2919 4348 quam

745 4372 922 4411 eorum
944 4358 1158 4422 originis
1180 4358 1422 4409 memoria
1443 4357 1601 4407 deleta
1634 4363 1777 4408 esset.
