3234 5150
1341 461 1621 519 ..47-

387 606 650 654 marum
711 574 946 654 sensus
1003 577 1188 676 prius
1247 584 1448 654 iidem
1503 585 1785 675 fuerint,
1848 585 2175 678 posterius
2240 585 2564 678 paulatim

386 693 627 763 diversi
670 681 825 762 facti
874 691 1028 772 sint,
1087 694 1213 762 hoc
1265 715 1418 763 cum
1477 692 1829 763 notissima
1883 694 1954 762 in
2000 715 2325 776 sermone,
2362 695 2574 784 parti·

386 803 588 870 tionis
647 823 847 893 quam
903 808 1174 883 vocant,
1235 802 1376 894 lege
1443 803 1772 894 congruit.
1846 803 2010 872 Dum
2082 809 2301 873 autem
2355 801 2574 872 varios

387 933 617 981 omnes
651 907 921 1002 optativi
957 919 1022 981 et
1043 911 1450 1002 conjunctivi
1479 935 1714 982 sensus
1742 910 1856 1003 qui
1879 911 1948 980 in
1967 912 2314 982 literarum
2346 933 2577 980 monu-

386 1021 628 1090 mentis
661 1013 1114 1102 inveniuntur‚
1134 1013 1250 1091 aut
1269 1021 1639 1114 praecipuos
1664 1029 1863 1104 certe,
1886 1044 2018 1091 una
2050 1021 2262 1091 forma
2294 1044 2331 1090 a
2357 1019 2573 1112 prima

384 1129 635 1222 origine
683 1129 964 1222 exprimi
1021 1130 1318 1220 potuisse
1360 1131 1709 1212 contendo,
1756 1132 1882 1201 hoc
1927 1131 2215 1201 multum
2263 1129 2447 1230 abest
2493 1128 2577 1197 ah

379 1239 534 1321 ista,
571 1240 723 1330 jure
763 1239 1101 1321 damnata,
1145 1239 1398 1311 ratione
1437 1263 1569 1332 qua
1598 1240 1963 1312 cardinales
2012 1240 2310 1311 notiones
2360 1237 2574 1329 majo·

382 1347 568 1418 ribus
606 1346 847 1417 nostris
883 1347 1333 1440 assignantur.

467 1456 608 1525 Non
655 1455 829 1548 fingo
873 1456 1051 1526 enim
1099 1456 1277 1527 varia
1320 1456 1503 1528 verbi
1548 1459 1863 1540 themata,
1906 1455 2398 1529 informationis
2426 1475 2570 1548 pro·

382 1585 572 1636 cessu
607 1564 1037 1648 abundantia,
1075 1574 1141 1636 et
1178 1567 1259 1637 ad
1297 1553 1525 1638 omnes
1567 1568 2043 1638 sententiarum
2079 1568 2332 1636 colores
2362 1565 2570 1656 expri-

381 1667 654 1744 mendos
692 1673 1033 1766 aequaliter
1077 1681 1249 1766 apta,
1304 1673 1395 1744 ita
1442 1675 1737 1766 primum
1777 1697 1905 1746 usu
1946 1674 2213 1744 differre
2258 1671 2565 1763 coepisse,

378 1790 452 1852 ut
481 1781 883 1880 conjunctivi
929 1789 994 1852 et
1037 1771 1307 1873 optativi
1337 1784 1743 1853 thematibus
1780 1783 2222 1854 remotissima
2265 1780 2381 1848 illa
2426 1799 2565 1862 sen-

377 1887 598 1962 'tentiae
633 1893 815 1960 haud
849 1914 1024 1959 mere
1055 1892 1478 1988 affirmativae
1521 1892 1703 1961 notio
1753 1892 2007 1962 ratione
2040 1890 2328 1982 quadam
2364 1894 2428 1956 et
2456 1885 2561 1956 via

382 2000 860 2092 subjiceretur;
924 2001 1037 2070 sed
1087 2000 1308 2096 potius
1373 2000 1941 2092 simplicissimam
2008 2021 2203 2068 merae
2262 1999 2563 2088 affirma-

380 2109 580 2178 tionis
638 2108 974 2178 notionem
1019 2107 1358 2179 indicativi
1399 2109 1803 2179 thematibus
1855 2107 2281 2197 assignatam,-
2326 2101 2561 2176 ceteris

377 2216 633 2300 formis,
667 2216 869 2287 unius
914 2216 1098 2286 illius
1145 2217 1528 2287 delectionis
1575 2215 1639 2287 vi
1681 2223 1746 2286 et
1786 2217 2051 2316 effectu,
2095 2221 2309 2285 cetera
2352 2210 2559 2303 expri-

376 2327 613 2396 menda
647 2325 878 2395 relicta
912 2347 1078 2394 esse.
1127 2324 1232 2394 Sic
1281 2325 1699 2407 alternatam‚
1750 2348 1786 2394 a
1823 2323 2213 2396 Delbruckio
2244 2320 2553 2414 positam,

375 2433 818 2504 conditionem
849 2431 1232 2528 effugimu8‚
1279 2440 1391 2502 aut
1437 2432 1706 2532 optativi
1751 2431 2281 2534 conjunctivique
2323 2447 2569 2512 sensus

375 2564 604 2613 omnes
640 2542 720 2613 ab
751 2564 883 2614 uno
914 2541 1277 2624 derivandi,
1325 2549 1440 2611 aut
1476 2563 1587 2611 eos
1634 2542 1715 2611 ad
1752 2527 2183 2615 cardinalem
2197 2537 2557 2631 quamdam

374 2652 709 2723 notionem
729 2651 1076 2721 referendi.
1103 2652 1257 2721 Jure
1281 2651 1480 2742 igitur
1513 2650 1671 2721 huic
1698 2646 1933 2743 capitis
1961 2650 2132 2743 parti
2163 2646 2555 2718 sententiam

374 2760 722 2855 praeposui‚
767 2762 1188 2852 quaestionem
1227 2761 1476 2851 aqitari
1517 2782 1734 2850 posse,
1773 2780 2033 2829 unusne
2070 2756 2559 2848 utriuscunque

374 2868 579 2950 modi,
613 2890 696 2938 an
725 2867 952 2961 plures
981 2889 1238 2949 semna,
1279 2890 1314 2937 a
1345 2869 1794 2938 vetustissima
1830 2863 2151 2938 memoria
2189 2864 2460 2935 fuerint.

460 2975 670 3045 Pauca
696 2991 879 3045 nunc
912 2974 984 3044 in
1017 2975 1250 3066 capitis
1279 2976 1410 3045 fine
1439 2975 1685 3053 addam,
1709 2976 1789 3045 de
1831 2976 2035 3044 altero
2079 2972 2374 3043 virorum
2406 2972 2555 3041 doc·

372 3090 635 3170 torum„
671 3083 914 3177 abhinc
970 3105 1215 3175 paucos
1261 3104 1468 3153 annos
1514 3084 1842 3176 syntaxim
1885 3081 2354 3175 comparativa,
2404 3098 2551 3171 quae

371 3192 636 3281 dicitur,
669 3193 924 3271 ratione
967 3190 1418 3275 tractantium,
1454 3194 1645 3285 quasi
1694 3193 2016 3264 axiomate
2058 3215 2073 3259 ε
2118 3209 2153 3259 (ι
2184 3190 2550 3289 Sententiae

372 3300 488 3371 diu
539 3301 610 3371 in
647 3323 948 3391 sermone
994 3301 1301 3393 usurpari
1336 3288 1631 3393 potuisse
1672 3303 1893 3373 nullas
1940 3299 2070 3371 nisi
2112 3308 2257 3392 quat
2290 3320 2328 3369 e
2365 3296 2551 3367 nulla

369 3408 497 3479 alia
526 3410 908 3501 penderent.
941 3436 975 3476 >2
1010 3412 1151 3480 Haec
1200 3417 1356 3480 sunt
1391 3410 1533 3503 ipsa
1574 3410 1776 3480 Curtii
1820 3408 2016 3481 verba
2061 3406 2543 3496 (Chronoloqie‚

367 3540 434 3610 p.
471 3520 584 3609 81)
629 3541 667 3588 e
705 3519 948 3610 quibus
995 3518 1332 3589 concludit
1371 3519 1775 3610 conjunctivi
1822 3518 1956 3588 vim
2009 3515 2545 3606 antiquissimam

368 3626 776 3719 inquirentes
828 3650 864 3696 a
921 3627 1264 3697 sententiis
1316 3628 1506 3698 alteri
1560 3628 1826 3697 cuidam
1878 3624 2193 3714 subjectis
2224 3645 2358 3692 non
2400 3622 2549 3693 sine.

368 3756 589 3819 crassa
612 3742 986 3829 temporum
1017 3736 1401 3806 confusione
1432 3736 1724 3828 incipere
1747 3756 1960 3827 posse.
1995 3732 2283 3822 Magistri
2322 3739 2541 3801 autem

364 3844 742 3937 opinionem
771 3867 990 3927 nemo,
1039 3852 1113 3914 ut
1149 3844 1404 3936 opinor,
1439 3844 1732 3939 firmiore
1764 3844 1890 3914 fide
1934 3841 2275 3933 amplexus
2303 3847 2403 3911 est
2432 3846 2544 3910 aut

363 3953 426 4038 vi
457 3956 705 4044 majore
733 3952 1053 4046 expressit
1088 3975 1287 4043 quam
1319 3952 1777 4039 Delbruckiu5‚
1806 3974 2011 4041 quum
2048 3950 2118 4018 in
2143 3948 2313 4018 libro
2344 3972 2540 4041 supra

366 4059 535 4130 dicto
577 4062 734 4151 (Der
777 4064 1108 4156 Gebrauch
1156 4062 1268 4128 des
1315 4061 1735 4151 Gonjunctivs
1776 4061 1916 4127 und
1956 4060 2276 4151 optativa,
2324 4080 2389 4147 p.
2424 4046 2539 4147 12)

364 4170 673 4262 scripsit:
711 4197 744 4237 «
787 4172 907 4240 Pro
945 4171 1374 4241 fundamento
1412 4169 1714 4239 omnium
1756 4168 1837 4237 de
1878 4169 2353 4238 sententiarum
2382 4188 2535 4234 con-

365 4279 727 4349 structione
761 4278 1132 4349 studiorum
1175 4280 1300 4348 hoc
1336 4278 1509 4348 sicut
1544 4276 1878 4371 quoddam
1914 4278 2149 4346 rocher
2180 4275 2259 4343 de
2298 4276 2538 4343 bronze

367 4386 490 4475 (sic
539 4388 774 4479 gallice
816 4388 990 4479 apud
1039 4386 1464 4479 scriptorem)
1507 4386 1933 4458 statuendum
1984 4392 2107 4466 est,
2158 4383 2534 4476 'simplicem
