3234 5150
1572 508 1852 565 „72-

630 633 805 702 haud
836 634 923 701 ita
952 632 1145 702 facile
1173 633 1490 724 intelligo.
1528 635 1574 702 E
1602 634 2027 724 sequentibus
2056 632 2259 722 igitur
2285 629 2600 720 exemplis
2627 627 2798 695 nihil

627 739 945 807 concludo
994 740 1121 808 nisi
1175 740 1243 806 in
1285 739 1381 808 eis
1428 762 1626 808 usum
1672 739 1938 830 optativi
1974 738 2279 807 eumdem
2313 757 2455 804 csse
2491 743 2685 824 atque
2727 733 2796 801 in

628 869 823 937 supra
854 847 1069 915 allatis
1094 848 1493 937 conjunctivi
1521 871 1719 918 usum
1761 873 1773 914 z
1809 849 1930 926 Vll,
1964 849 2116 926 104,
2155 849 2262 926 15,
2307 846 2500 935 adyc'z'
2531 857 2798 933 muriya

626 957 787 1042 yddi
841 957 1243 1044 yatudhc‘z'no
1299 958 1472 1022 demi
1532 983 1565 1020 «
1619 957 1818 1025 Hodie
1874 956 2142 1034 moriar,
2183 956 2238 1024 si
2298 954 2513 1022 malus
2567 953 2796 1042 genius

628 1083 774 1129 sum
821 1086 889 1140 »ς
944 1072 1015 1147 Ε,
1066 1064 1218 1130 214.
1277 1063 1472 1131 Αὐτίκ’
1516 1068 1687 1132 ἔπειτ’
1733 1071 1841 1132 ἀπ’
1898 1071 2056 1148 ἐμεῖο
2103 1071 2246 1151 κάρη
2289 1071 2453 1146 τάμοι
2501 1067 2800 1149 ἀλλότριος

627 1179 763 1256 φώς,
802 1176 852 1238 εἰ
891 1177 967 1254 μὴ
1008 1176 1123 1258 ἐγὼ
1163 1178 1293 1238 τάδε
1321 1172 1459 1250 τόξα
1488 1184 1688 1258 φαεινῷ
1718 1179 1776 1238 ἐν
1800 1176 1926 1259 πυρὶ
1959 1178 2133 1253 θείην.

714 1278 950 1357 Tertio,
986 1278 1145 1347 dum
1172 1278 1756 1346 animadvertimus
1778 1279 1952 1367 quod
1977 1278 2284 1367 cupimus
2309 1276 2554 1367 expleri
2577 1297 2791 1366 posse,

626 1392 741 1453 aut
786 1386 987 1454 etiam
1033 1386 1103 1453 in
1148 1407 1225 1453 eo
1270 1407 1412 1454 esse
1474 1392 1549 1454 ut
1614 1386 1971 1475 expleatur.
2045 1388 2322 1453 Auctore
2381 1389 2599 1452 autem
2658 1383 2798 1452 Del-

625 1493 940 1574 hruckio,
1023 1493 1132 1560 hic
1187 1493 1360 1560 inter
1420 1493 1799 1583 cupidinem
1861 1499 1924 1560 et
1996 1492 2397 1561 voluntatem
2474 1491 2800 1559 terminus

626 1598 909 1668 describi
955 1605 1187 1689 potest,
1241 1621 1391 1679 noS,
1434 1623 1643 1690 quum
1702 1600 2031 1690 cupimuS,
2081 1599 2332 1667 nescire
2382 1620 2465 1666 an
2519 1598 2586 1666 id
2627 1599 2799 1686 quod

626 1706 933 1797 cupimus
968 1706 1211 1797 expleri
1257 1707 1462 1797 possit
1494 1708 1584 1797 (p.
1633 1706 1768 1795 16).
1802 1706 2108 1786 Quamvis
2156 1705 2358 1794 igitur
2407 1726 2523 1794 per
2559 1705 2800 1794 gradus

626 1815 1005 1903 coloresque
1032 1836 1233 1905 prope
1266 1814 1559 1883 infinitos
1588 1836 1624 1882 e
1651 1813 1960 1904 cupidine
1989 1814 2069 1881 ad
2104 1812 2507 1881 voluntatem
2534 1811 2800 1880 transiri

627 1944 815 2012 posse
862 1922 1234 2002 contendat,
1288 1929 1352 1990 et
1400 1923 1539 2011 ipse
1587 1922 1967 2001 concedam,
2020 1922 2087 1990 id
2136 1927 2356 1989 tamen
2397 1942 2633 2010 negare
2670 1941 2802 1988 non

626 2036 873 2121 potest,
936 2029 1202 2120 optativi
1259 2030 1793 2121 conjunctivique
1847 2009 2086 2100 sensus
2130 2028 2236 2096 hic
2285 2050 2518 2096 rursus
2568 2028 2802 2096 mixtos

625 2159 957 2228 apparere.
990 2136 1173 2215 Quod
1202 2143 1421 2205 autem
1454 2159 1654 2226 supra
1688 2136 1764 2205 de
1796 2135 2124 2225 cupidinis
2157 2138 2563 2221 infirmitate,
2596 2157 2828 2224 quum.

624 2245 995 2334 eloquente
1030 2251 1288 2313 tantum
1333 2250 1611 2334 persona
1652 2244 1959 2335 penderet
1988 2249 2213 2311 utrum
2254 2250 2550 2334 optatum
2596 2244 2804 2332 exple·

625 2359 828 2431 retur,
863 2355 1314 2432 invalescente,
1372 2353 1650 2421 ridicule
1703 2354 2133 2443 conjeceram,
2188 2351 2256 2418 in
2305 2352 2428 2418 hoc
2475 2357 2802 2419 mutatum

626 2460 799 2550 apud
840 2459 1304 2528 Delbruckium
1354 2459 1640 2539 invenio,
1687 2461 1862 2549 quod
1914 2481 2059 2529 eam
2103 2461 2427 2526 minutam
2477 2457 2804 2547 cupidinis

625 2571 757 2636 vim
785 2567 1276 2658 interpretatur,
1316 2568 1428 2636 ubi
1458 2567 1781 2638 voluntati
1821 2567 2084 2659 propior
2114 2566 2185 2635 fit
2232 2565 2558 2656 cupidinis
2591 2566 2804 2634 decla-

626 2675 816 2753 ratio,
861 2678 935 2743 ut
981 2676 1049 2741 in
1097 2677 1220 2743 hoc
1260 2676 1554 2765 exemplo
1593 2677 1667 2756 V,
1714 2678 1792 2754 4,
1844 2677 1877 2742 7
1927 2682 2167 2764 vaydm
2212 2685 2272 2742 te
2313 2698 2488 2763 aqna
2538 2676 2807 2741 ulcthair

626 2784 961 2861 vidhema,
1013 2783 1243 2871 cujus,
1293 2782 1681 2851 Delhruckio
1738 2782 2004 2871 quidem
2058 2783 2314 2869 judice,
2378 2804 2608 2850 sensus
2653 2790 2800 2850 est:

631 2914 663 2951 «
710 2888 963 2957 Utinam
1008 2897 1097 2968 te,
1147 2912 1185 2957 o
1236 2890 1457 2979 Agnis,
1516 2890 1924 2957 carminibus
1973 2890 2301 2957 celebrare
2351 2889 2722 2978 possimus!
2770 2916 2801 2953 η

628 2996 899 3084 Agnovit
939 3003 1159 3065 tamen
1194 2996 1609 3066 adversarius
1649 2996 2142 3086 conjunctivum
2183 3018 2442 3087 quoque
2478 2996 2586 3064 hic
2618 3019 2808 3064 usur-

626 3103 767 3191 pari
797 3103 1113 3192 potuisse,
1147 3127 1277 3193 quo
1307 3104 1530 3173 audito
1551 3104 1906 3173 voluntatis
1932 3104 2273 3173 declaratae
2302 3104 2398 3172 vis
2434 3106 2645 3194 major
2671 3104 2806 3172 visa

627 3216 797 3277 esset
844 3213 933 3299 (p.
979 3212 1117 3299 28).
1166 3211 1638 3299 Conjunctivus
1685 3212 1951 3300 quidem
2000 3212 2068 3279 in
2111 3212 2434 3301 ejusmodi
2467 3212 2806 3281 sententiis

628 3317 985 3405 saepissime
1013 3323 1112 3384 est
1149 3318 1625 3406 frequentatuS,
1661 3318 1926 3387 nullum
1969 3325 2191 3387 autem
2236 3319 2304 3385 in
2347 3319 2428 3386 iis
2468 3320 2638 3387 inter
2673 3340 2808 3409 am„-

625 3424 863 3491 borum
925 3424 1273 3492 modorum
1332 3446 1563 3492 sensus
1626 3425 1983 3493 discrimen
2035 3447 2113 3493 ex
2172 3425 2332 3515 ipsis
2388 3425 2600 3493 verbis
2664 3425 2804 3493 erui

626 3537 855 3621 potest.
890 3531 1049 3599 Nam
1082 3531 1429 3620 utriusque
1468 3531 1566 3629 vis
1597 3532 1842 3620 optime
1871 3532 1939 3598 in
1975 3531 2314 3599 sententiis
2356 3532 2808 3623 introspicitur

625 3638 696 3705 in
740 3638 982 3727 quibus
1029 3639 1190 3707 deus
1232 3660 1365 3706 non
1406 3639 1651 3706 directe
1696 3638 2153 3727 compellatur,
2200 3640 2427 3727 quales
2475 3647 2630 3708 sunt
2666 3642 2805 3729 jam

627 3767 825 3833 supra
853 3745 1062 3812 allatae
1088 3748 1355 3812 indram
1380 3747 1655 3812 huvema
1685 3771 1717 3810 «
1742 3746 1999 3813 Indram
2029 3746 2404 3815 invocemus
2431 3774 2464 3811 »
2487 3755 2830 3836 ctvc‘zyztm,

629 3860 762 3940 upa
806 3853 1241 3919 bravamahai
1300 3878 1331 3916 «
1380 3853 1625 3942 Vayum
1676 3851 2052 3919 invocemus
2098 3879 2157 3919 ».
2210 3855 2278 3921 ln
2318 3854 2420 3922 his
2464 3856 2632 3922 nihil
2678 3854 2807 3922 nisi

628 3958 1063 4028 hortationem
1112 3958 1431 4027 comitum
1479 3966 1543 4025 et
1593 3958 1697 4025 sui
1752 3958 2160 4047 agnovimus.
2213 3961 2415 4038 Idem,
2465 3962 2534 4028 ni
2583 3962 2800 4040 fallor,

628 4066 895 4159 optativi
925 4088 1085 4135 usus
1114 4066 1307 4133 estin
1349 4088 1423 4133 ea
1470 4066 1549 4133 de
1596 4088 1725 4154 qua
1755 4086 1934 4131 nunc
1967 4065 2180 4153 agitur
2211 4068 2528 4135 sententia
2570 4075 2803 4156 vaydm

631 4188 689 4244 te
718 4199 893 4265 aqna
930 4177 1202 4242 ulcthair
1228 4175 1563 4253 vidhema,
1616 4178 1691 4239 ut
1736 4171 1804 4237 in
1852 4180 2160 4260 sequente
2200 4176 2619 4263 conjunctivi,
2657 4175 2803 4252 Vlll,

632 4283 755 4359 51,
809 4283 888 4361 4,
943 4283 1337 4368 krindvcima
1392 4291 1461 4347 ta
1509 4282 1711 4347 indra
1766 4280 2119 4347 brahmani
2175 4284 2546 4368 υάνάὴαηᾱ,
2600 4308 2632 4345 «
2668 4281 2806 4349 Tibi

633 4390 977 4475 faciamuS,
1011 4391 1224 4469 Indra,
1265 4412 1490 4479 preces
1523 4390 1926 4459 incrementa
1960 4415 1993 4454 »
2021 4393 2082 4478 («
2109 4389 2194 4457 Te
2219 4412 2572 4481 augeamus
2595 4391 2807 4482 preci-
