3234 5150
1346 379 1628 435 ..95-

388 506 730 576 sententiis
784 506 1141 576 discrimen
1197 506 1636 597 deprehendo,
1682 507 1858 597 quod
1899 507 2314 597 conjunctivo
2354 509 2568 599 expri-

389 612 595 682 mitur
651 612 803 683 finis
864 610 1104 682 actioni
1167 612 1470 702 praesenti
1530 612 1862 704 proposita
1888 664 1904 691 ‚
1967 614 2046 682 de
2111 636 2240 704 qua
2310 635 2570 705 semper

386 721 675 792 dubitari
714 729 927 813 potest
958 744 1042 790 an
1072 728 1383 790 eventura
1426 721 1533 799 sit,
1572 721 1856 812 optativo
1902 729 2122 791 aubem
2177 721 2330 790 finis
2375 710 2573 791 actio-

387 831 491 900 nis
522 831 891 923 praeteritae,
931 829 1009 898 de
1042 851 1173 920 qua
1207 831 1349 919 jam
1387 851 1559 920 saepe
1591 839 2004 920 compertum
2036 839 2134 901 est
2163 838 2390 899 utrum
2432 852 2572 900 eve-

386 939 558 1010 nerit
590 961 675 1008 an
708 962 863 1008 non.
892 939 983 1007 Re
1026 938 1191 1028 ipsa,
1223 938 1291 1004 in
1330 937 1527 1005 allato
1568 959 1767 1029 supra
1804 939 2126 1029 exemplu,
2161 960 2438 1029 persona
2476 940 2572 1007 lo-

387 1069 617 1138 quens,
647 1053 906 1138 poetam
941 1047 1113 1127 dico,
1147 1054 1560 1137 compertum
1611 1047 1830 1127 habet,
1862 1049 2252 1118 Nausicaam
2296 1047 2574 1138 parenti--

384 1157 509 1226 bus
540 1155 782 1248 Ulyssis
810 1157 1164 1226 adventum
1203 1155 1631 1225 nuntiavisse.
1671 1155 1868 1225 Multo
1905 1156 2107 1247 igitur
2140 1156 2570 1225 verisimilius

384 1271 483 1333 est
511 1265 873 1356 optativum
900 1266 1119 1357 potius
1146 1265 1216 1334 in
1246 1286 1457 1355 graeca
1492 1265 1720 1355 lingua
1755 1287 1910 1334 cum
1938 1265 2291 1357 praeteritis
2323 1273 2570 1355 temp&

383 1373 569 1443 ribus
600 1374 899 1466 reperiri,
933 1375 1109 1465 quod
1143 1373 1572 1451 secundariis,
1607 1397 1774 1464 quas
1812 1382 2069 1452 vocant,
2108 1382 2172 1444 et
2208 1373 2290 1442 iis
2334 1381 2568 1465 praete—

382 1482 664 1554 ritorum
727 1493 1094 1575 temporum
1151 1484 1436 1576 propriis
1491 1483 2092 1564 terminationihuS‚
2154 1484 2370 1574 prima
2421 1503 2570 1575 per-

384 1615 542 1662 sona
594 1600 885 1685 excepta,
930 1593 1294 1662 instructus
1350 1600 1474 1674 est,
1524 1593 1984 1682 conjunctivus
2045 1600 2311 1670 autem,
2384 1591 2562 1660 haud

382 1723 573 1772 secus
624 1709 821 1792 atque
872 1723 1162 1793 praesens
1218 1709 1286 1772 et
1344 1703 1648 1771 futurum
1695 1701 2033 1771 indicativi
2090 1708 2374 1792 tempus,
2425 1701 2561 1788 pri-

382 1809 611 1879 mariis
633 1809 681 1876 ¹.

385 2028 506 2150 1834
522 2029 597 2152 Dlei
612 2027 896 2166 Βεὼῖῧοὴίἱ
926 2027 1059 2081 libro
1090 2041 1355 2081 censuram
1384 2041 1414 2077 a
1440 2026 1628 2078 Thurot
1650 2023 1890 2090 scriptam
1931 2028 2098 2078 confer
2123 2025 2307 2093 (Revue
2323 2023 2558 2092 critique,

511 2138 523 2160 9
602 2138 614 2160 2
644 2116 694 2166 P·
806 2136 818 2149 ·
