3234 5150
1349 405 1667 460 -125—

424 533 712 617 tempora
755 529 1067 597 translata
1110 549 1274 596 esse.
1318 527 1457 604 Non
1503 507 1726 595 tamen
1772 527 1842 594 in
1882 527 2093 595 classe
2121 527 2406 596 secunda
2447 549 2595 595 nos-

421 634 732 725 metipsos
794 635 1131 705 includere
1190 635 1514 724 cogimur.
1574 635 1711 701 Imo
1759 657 1964 724 quum
2021 634 2227 702 futuri
2281 635 2595 702 informa-

416 739 661 809 tionem
699 741 998 822 eamdem
1028 741 1161 811 fere
1191 762 1333 809 esse
1373 747 1568 830 atque
1604 739 1873 830 optativi
1906 740 2308 820 noverimuS,
2348 741 2595 809 suffixae

419 855 637 916 autem
658 849 999 938 particulae
1029 872 1139 938 ya,
1160 847 1229 916 in
1250 848 1575 917 abrevem
1609 847 1994 926 desinentis,
2017 848 2294 916 nullum'
2312 848 2382 916 in
2411 855 2594 938 opta-

420 954 548 1023 tivo
570 955 833 1046 proprie
860 956 1035 1024 dicto
1056 957 1341 1044 (excepto
1366 954 1591 1022 aoristi
1612 954 1807 1044 graeci
1827 954 2108 1044 optativo
2138 954 2207 1023 in
2231 983 2377 1041 σεια,
2397 977 2461 1045 p.
2481 947 2594 1044 17)

417 1085 615 1131 usum
667 1063 1076 1153 reperiamus
1129 1083 1395 1130 necesse
1444 1067 1541 1129 est
1598 1060 1668 1128 in
1715 1060 2246 1151 disquisitionem
2300 1070 2592 1131 nostram

418 1171 705 1241 radicem
728 1169 1226 1240 determinativo
1251 1193 1282 1236 s
1300 1171 1393 1260 (p.
1420 1170 1534 1256 59)
1560 1169 1952 1240 instructam
1979 1169 2399 1252 inducamus,
2418 1192 2594 1238 eam-

417 1301 545 1369 que
566 1279 743 1347 haud
778 1301 968 1347 secus
996 1285 1191 1367 atque
1228 1277 1518 1346 radicem
1557 1277 1805 1345 nudam
1836 1299 1990 1346 cum
2027 1278 2262 1346 suffixa
2293 1301 2380 1366 ya
2405 1279 2595 1366 junc-

416 1389 553 1452 tam
587 1406 730 1453 esse
765 1383 1225 1474 conjiciamuS‚
1268 1382 1445 1452 unde
1482 1383 1784 1452 futurum
1820 1383 2203 1453 sanseritice
2246 1385 2314 1453 in
2349 1388 2588 1473 syami,

416 1513 618 1578 aya-8,
657 1501 855 1580 aya-t,
888 1512 1093 1581 graece
1141 1491 1209 1559 in
1250 1520 1354 1569 σω,
1386 1518 1522 1570 σεις,
1566 1493 1673 1570 ’σει,
1712 1490 2020 1559 desinens
2050 1497 2269 1558 ortum
2299 1489 2403 1558 sit.
2450 1491 2592 1559 Jam

400 1604 491 1670 .ut
530 1599 609 1666 ad
640 1599 1002 1688 optativum
1044 1605 1109 1667 et
1142 1604 1318 1666 arcte
1352 1598 1636 1687 optativo
1669 1599 1864 1666 affine
1905 1597 2208 1667 futurum
2236 1597 2594 1666 informan-

414 1703 575 1770 dum
634 1705 875 1795 duplex
923 1706 1156 1774 suffixa
1184 1728 1294 1795 ya,
1332 1719 1441 1794 ῃᾱ,
1476 1705 1772 1774 adhibita
1801 1710 1922 1783 est,
1969 1705 2059 1772 ita
2106 1704 2187 1796 ad
2229 1703 2594 1793 conjuncti-

413 1835 570 1880 vum
588 1812 1081 1902 informandum
1104 1813 1437 1903 duplicem
1458 1812 1772 1881 suffixam
1790 1836 1856 1892 a,
1885 1825 1952 1890 ᾱ,
1971 1811 2175 1879 fuisse
2201 1810 2587 1891 adhibitam,

414 1927 476 1986 ct
500 1918 644 1987 ideo
678 1909 715 1988 e
743 1919 974 2009 primae
1006 1920 1484 2009 conjugationis
1516 1919 1954 2009 conjunctivis
1978 1918 2331 2007 quemdam
2368 1916 2594 2006 genui-

414 2048 575 2094 num
625 2048 767 2094 esse
816 2027 1141 2116 conjicere
1205 2026 1561 2116 possimus.
1628 2026 1716 2094 Ne
1773 2025 1932 2115 quid
1987 2031 2222 2092 autem·
2269 2024 2594 2113 conjicere

410 2133 657 2213 videar,
696 2155 840 2202 eam
874 2134 1046 2202 viam
1079 2134 1225 2201 ineo
1245 2155 1375 2222 qua
1404 2133 1724 2222 genuinas
1759 2132 2008 2200 formas
2041 2131 2424 2220 dignoscere
2453 2130 2593 2199 eni-

412 2245 535 2318 tar,
564 2240 1101 2331 utintrospiciam
1121 2262 1269 2330 quae
1287 2263 1439 2308 cum
1470 2240 1874 2308 thematibus
1901 2238 2350 2307 nominalibus
2377 2236 2592 2327 reipsa

413 2368 532 2437 pro
579 2348 960 2416 nominibus
1008 2348 1369 2438 usurpatiS‚
1418 2370 1550 2416 non
1601 2347 1876 2416 materia
1916 2352 2174 2414 tantum
2216 2346 2587 2424 literarum,

306 2481 313 2488 ·
413 2453 527 2521 sed
584 2455 783 2523 etiam
828 2457 1141 2523 accentu¹
1197 2463 1586 2544 congruant.
1646 2455 1812 2522 Huic
1866 2460 2087 2523 autem
2114 2491 2118 2496 ·
2147 2452 2593 2544 disquisitioni

413 2584 620 2651 pauca
662 2565 741 2633 de
782 2563 1129 2633 nominum
1178 2564 1579 2633 thematibus
1641 2562 1895 2633 suffixis
1969 2587 2037 2643 a,
2109 2577 2152 2630 ᾱ
2207 2570 2272 2632 et
2321 2586 2431 2651 ya,
2475 2575 2587 2651 μᾶ,

414 2669 878 2753 informandiS,
918 2672 1354 2763 praeponenda
1386 2678 1563 2740 sunt.

500 2778 896 2847 Suffixarum
936 2779 1412 2870 particularum
1450 2802 1516 2857 a,
1561 2792 1627 2864 ᾱ,
1647 2778 1716 2847 in
1732 2779 1961 2867 lingua
1979 2778 2590 2866 indoeuropaearum

410 2883 745 2971 genitrice,
779 2884 909 2953 duo
937 2884 1205 2952 fuerunt
1237 2896 1425 2962 usu's,
1470 2904 1705 2971 nempe
1743 2882 1814 2949 in
1845 2882 2228 2950 nominibus
2249 2880 2498 2970 agentis
2527 2886 2592 2949 et

417 2988 487 3055 in
513 2990 891 3059 nominibus
933 2990 1209 3059 actionis
1242 2988 1706 3068 informandiS,
1741 3011 1910 3079 quaa,
1947 3011 2062 3057 seu
2092 2989 2334 3057 vocalis
2363 3012 2404 3056 α
2435 2989 2592 3078 'pro-

410 3094 616 3175 sodia,
662 3118 778 3164 seu
831 3096 1041 3186 ipsius
1093 3096 1270 3165 vocis
1319 3103 1591 3164 accentu
1624 3096 1931 3165 distincta
1971 3103 2123 3164 sunt
2158 3122 2172 3161 ε
2214 3096 2390 3185 quod
2433 3096 2592 3165 satis

412 3200 863 3271 demonstrant
891 3204 1272 3272 sanscritica
1307 3211 1371 3272 et
1408 3198 1610 3294 graeca
1641 3204 1867 3291 lingua
1898 3204 1968 3270 in
1996 3203 2322 3293 ejusmodi
2358 3203 2593 3273 formis

410 3308 577 3377 mire
608 3310 1106 3379 consentientes.
1143 3312 1385 3379 Suffixa
1414 3324 1457 3377 ᾱ
1482 3312 1675 3400 longa
1714 3310 1984 3379 nomina
2022 3311 2298 3380 actionis
2333 3318 2590 3379 tantum

410 3416 875 3498 informantur,
914 3441 1059 3508 quae
1097 3419 1165 3488 in
1197 3441 1404 3509 graeca
1442 3419 1690 3509 pariter
1724 3425 1789 3487 et
1833 3418 1903 3486 in
1945 3418 2331 3487 sanseritica
2363 3418 2588 3509 lingua

408 3526 712 3594 suffixam
729 3527 1043 3596 elevatam
1073 3528 1399 3596 exhibent.
1437 3526 1747 3617 Exempla
1762 3527 1937 3595 enim
1960 3534 2114 3595 sunt
2128 3527 2589 3595 sanscriticum

407 3633 627 3700 bhida‘
641 3660 673 3699 «
693 3634 871 3703 fissio
893 3660 925 3699 »
948 3658 984 3703 e
1002 3636 1219 3704 radice
1239 3638 1391 3703 bhid
1417 3644 1449 3700 “«
1474 3635 1773 3704 findere»
1786 3687 1801 3714 ,
1822 3642 1886 3702 et
1903 3656 2186 3724 graecum
2201 3645 2369 3722 φυγή,
2389 3634 2592 3703 latine

406 3744 644 3830 fuya,e
676 3742 897 3810 radice
924 3770 1027 3831 φυγ
1060 3744 1279 3834 (bhuq)
1315 3769 1347 3808 «
1383 3744 1608 3832 fugere
1640 3768 1702 3808 ».
1725 3742 1969 3811 Formae
1993 3742 2207 3831 qualis
2244 3750 2344 3810 est
2383 3762 2588 3831 graeca

470 4009 515 4060 1.
543 4009 657 4061 Mihi
673 4019 901 4063 accentus
928 4010 1092 4062 locum
1111 4010 1195 4063 hic
1220 4011 1419 4075 urgenti
1440 4011 1483 4063 si
1507 4010 1752 4078 objeceris
1780 4018 2038 4063 accentum
2059 4010 2111 4063 in
2130 4008 2411 4063 derivandis
2429 4008 2590 4061 nomi-

405 4083 572 4140 nibus,
599 4091 656 4133 ut
678 4084 784 4146 ipse
807 4100 959 4149 supra
983 4086 1047 4149 (p.
1076 4084 1185 4146 106)
1216 4086 1410 4149 agnovi,
1434 4087 1539 4136 loco
1562 4101 1692 4150 saepe
1709 4085 1917 4144 moveri,
1948 4101 2038 4136 nec
2061 4100 2160 4136 non
2181 4084 2289 4135 fieri
2317 4084 2591 4148 potuissent

404 4156 554 4205 etiam
582 4154 633 4203 in
659 4155 983 4207 informandis
1015 4157 1176 4207 modis
1212 4159 1318 4208 loco
1356 4164 1521 4208 motus
1550 4159 1633 4216 sit,
1662 4159 1967 4221 respondebo
1993 4164 2222 4209 accentus
2249 4155 2588 4207 diversitatem
2643 4168 2650 4176 ‘

404 4236 457 4287 in
486 4228 659 4277 formis
694 4244 723 4278 a
744 4230 890 4280 variis
918 4231 1223 4281 thematibus
1250 4230 1428 4282 iisdem
1447 4230 1884 4283 terminationibus
1914 4232 2170 4283 declinatis
2195 4229 2503 4282 credibiliter
2525 4228 2588 4281 ab

406 4306 635 4351 accentus
660 4298 945 4353 diversitate
972 4301 1025 4353 in
1053 4302 1115 4352 iis
1143 4302 1449 4354 thematibus
1474 4302 1652 4355 deduci
1681 4317 1841 4367 posse.
