3234 5150
1595 403 1910 459 -126-

666 535 770 617 ῥοή
812 554 845 594 α
877 529 1075 600 fluxio
1105 554 1137 593 »
1172 551 1289 619 pro
1319 535 1472 619 ροἱὴ
1509 549 1545 597 e
1580 515 1802 597 radice
1827 536 1890 618 ῥυ
1927 528 2101 618 isra)
2138 553 2170 592 «
2205 528 2409 597 fluere
2441 553 2504 607 n,
2537 528 2842 596 suffixam

667 636 933 726 quidem
988 638 1331 716 elevatam,
1384 635 1626 706 radicis
1670 643 1892 705 autem
1933 637 2222 705 vocalem
2263 635 2669 705 incremento
2700 657 2846 703 auc-

666 751 803 812 tam
844 745 1246 825 exhibenteS,
1298 744 1488 813 nobis
1533 744 1908 814 omittendae
1951 743 2276 832 videntur,
2328 765 2536 832 quum
2582 742 2844 810 nullum

667 874 894 921 earum
940 853 1147 923 instar
1188 851 1620 923 informatum
1673 855 1894 922 thema
1944 851 2012 920 in
2045 852 2242 922 verbo
2284 851 2670 941 reperiatur.
2707 849 2848 918 Suf-

667 961 792 1029 fixa
842 984 884 1027 a
930 961 1107 1030 brevi
1150 961 1221 1030 in
1264 968 1544 1050 utraque
1591 961 1818 1051 lingua
1862 961 2130 1028 nomina
2182 959 2434 1049 agentis
2481 965 2545 1028 et
2581 957 2849 1027 nomina

668 1069 945 1139 actionis
969 1070 1259 1139 vicissim
1286 1070 1752 1139 informantur.
1783 1071 1854 1137 ln
1881 1069 2265 1138 nominihus
2295 1076 2516 1137 autem
2543 1065 2844 1146 actioniS,

669 1173 932 1252 radicis,
994 1173 1062 1242 in
1116 1174 1499 1244 nominibus
1540 1174 1818 1263 agentis,
1871 1174 2122 1242 suffixae
2171 1173 2511 1265 particulae
2554 1173 2846 1242 vocalem

668 1288 947 1370 utraque
972 1281 1197 1371 lingua
1218 1283 1449 1352 elevat.
1471 1282 1783 1372 Exempla
1812 1281 1990 1350 enim
2013 1289 2170 1350 sunt
2195 1281 2539 1350 nominum
2573 1279 2851 1350 actionis

666 1391 1130 1460 sanseriticum
1158 1399 1327 1481 yoqa
1355 1417 1388 1456 «
1416 1391 1674 1481 Junctio
1707 1417 1741 1456 »
1782 1413 1817 1459 e
1847 1392 2069 1461 radice
2091 1394 2211 1482 yuj
2233 1419 2264 1458 «
2288 1393 2568 1482 jungere
2601 1417 2664 1472 υ,
2695 1411 2852 1480 grae-

668 1519 823 1567 cum
838 1506 1070 1586 τρόχο-ς
1092 1520 1377 1567 «cursus
1400 1523 1435 1562 »
1467 1519 1503 1566 e
1535 1497 1753 1567 radice
1775 1526 1915 1586 τρεχ
1946 1524 1980 1564 (ι
2014 1520 2280 1568 currere
2313 1524 2374 1580 »,
2395 1539 2478 1550 —
2500 1497 2849 1568 nominum

668 1606 945 1695 agentis,
962 1605 1427 1674 sanscriticum
1442 1607 1652 1692 cubhd
1671 1631 1704 1670 «
1724 1605 1955 1674 lucens
1975 1631 2009 1670 »
2025 1627 2060 1674 e
2076 1607 2296 1675 radice
2311 1609 2474 1692 cubh
2493 1634 2523 1672 α
2539 1608 2761 1676 lucere
2779 1631 2814 1670 »
2827 1655 2843 1684 ,

669 1735 957 1803 graecum
998 1721 1221 1802 τροχό-ς,
1248 1739 1281 1778 «
1312 1735 1457 1804 quae
1486 1713 1719 1793 currit,
1753 1720 1898 1782 rota
1929 1737 1989 1780 ».
2027 1715 2099 1782 In
2129 1714 2512 1783 nominibus
2543 1714 2845 1796 actioniS,

671 1821 912 1892 radicis
955 1821 1224 1901 vocaliS,
1267 1821 1625 1890 dummodo
1661 1824 1686 1888 i
1726 1828 1841 1891 aut
1873 1845 1918 1889 u
1956 1828 2152 1902 esset,
2199 1822 2522 1891 constanti
2562 1824 2847 1914 quadam

670 1929 828 2019 lege,
878 1936 965 2010 et,
1018 1934 1095 1998 ut
1130 1929 1323 2018 vulgo
1360 1929 1676 2009 creditur,
1717 1930 1780 1998 vi
1822 1937 2131 1998 accentus
2168 1929 2408 2020 ipsiuS,
2444 1930 2851 2000 incremento

666 2044 856 2106 aucta
877 2044 1027 2116 ‘est;
1074 2038 1250 2126 quod
1284 2059 1321 2105 e
1360 2038 1702 2129 superiore
1747 2039 2046 2129 exemplo
2085 2047 2250 2128 μόρα
2291 2046 2582 2129 apparet.
2620 2040 2691 2106 ln
2738 2061 2854 2108 no-

669 2145 962 2214 minibus
993 2152 1212 2213 autem
1252 2147 1527 2234 agentis,
1562 2145 1804 2214 radicis
1832 2145 2101 2224 vocalis,
2140 2167 2318 2214 nunc
2339 2167 2505 2237 pura
2533 2145 2853 2214 remansit

667 2260 741 2320 ut
783 2254 853 2320 in
896 2255 1130 2340 cubhd,
1169 2275 1347 2322 nunc
1381 2254 1789 2322 incremento
1825 2259 2016 2320 aucta
2052 2260 2150 2320 est
2176 2254 2348 2321 utin
2379 2256 2539 2320 deod
2573 2279 2606 2318 «
2642 2253 2854 2344 splen-

669 2362 857 2442 dcnS,
906 2363 1155 2438 deus»,
1204 2383 1239 2429 e
1282 2362 1503 2430 radice
1534 2363 1645 2428 div
1685 2361 2178 2449 «splendere».
2211 2361 2594 2430 Posterioris
2627 2367 2849 2429 autem

670 2461 1129 2560 descriptionis
1150 2469 1396 2538 formas
1417 2469 1721 2538 omittere
1745 2491 2124 2559 possumus,
2160 2492 2370 2560 quum
2397 2470 2658 2538 nullum
2684 2469 2853 2557 ejus-

670 2579 849 2646 modi
884 2580 1105 2646 thema
1137 2580 1217 2647 ad
1252 2579 1750 2647 informandum
1771 2579 2046 2647 verbum
2073 2579 2466 2648 translatum
2489 2578 2596 2647 sit.
2627 2578 2851 2645 Exem-

667 2685 877 2777 plaria
942 2686 1145 2774 igitur
1196 2686 1559 2754 retinemus
1612 2687 1900 2764 bhid-cz',
1954 2695 2172 2775 yoq-a,
2227 2688 2511 2773 publi-d,
2565 2707 2847 2776 quorum

669 2794 1051 2862 discrimina
1114 2794 1527 2883 apertissime
1586 2792 1869 2881 intelligi
1931 2800 2209 2883 possunt
2256 2814 2290 2861 e
2347 2794 2561 2863 tribus
2607 2794 2848 2883 linguae

668 2922 891 2992 graecae
949 2901 1181 2969 formis
1236 2901 1408 2969 inter
1469 2922 1538 2968 se
1598 2899 1856 2969 collatis
1905 2923 1920 2966 ε
1982 2910 2144 2990 φορ-ά
2194 2928 2225 2966 «
2276 2902 2444 2969 actio
2491 2900 2739 2971 ferendi
2778 2926 2845 2981 n,

668 3020 877 3101 φόρ-ο-ς
907 3032 941 3074 «
977 3012 1173 3089 idem,
1203 3010 1378 3077 unde
1405 3009 1817 3089 tributum»,
1861 3018 2072 3097 φορ·ὁ·ς
2104 3036 2136 3072 α
2161 3009 2275 3098 qui
2306 3009 2431 3078 fert
2449 3035 2482 3074 »
2503 3011 2547 3073 ¹.

757 3118 1004 3186 Sut'fixa
1038 3124 1258 3185 autem
1305 3116 1628 3206 particula
1668 3140 1779 3205 ya,
1830 3137 1963 3184 non
1993 3117 2210 3184 solum
2247 3117 2429 3184 nulla
2461 3116 2714 3206 agentis
2741 3138 2852 3184 no-

670 3212 875 3304 mina,
902 3226 1014 3294 sed
1048 3244 1129 3293 ne
1160 3224 1432 3293 actionis
1455 3224 1728 3314 quidem
1755 3224 2025 3293 nomina
2055 3224 2318 3315 proprie
2347 3223 2520 3293 dicta
2542 3225 2854 3315 primitus

668 3327 1022 3397 informata
1069 3334 1253 3406 sunt,
1313 3334 1461 3405 aut,
1514 3350 1646 3417 quo
1699 3327 2020 3417 liquidius
2078 3322 2350 3406 dicam,
2389 3328 2712 3397 elemento
2762 3350 2850 3417 μα

670 3455 801 3503 non
853 3457 1008 3513 una,
1062 3434 1173 3501 sed
1232 3435 1405 3515 duae,
1452 3435 1626 3524 quod
1660 3456 1866 3525 supra·
1891 3435 1984 3525 (p.
2027 3434 2181 3522 105)
2223 3436 2843 3514 demonstravimus,

672 3542 923 3610 suffixae
964 3542 1215 3609 insunt.
1252 3540 1514 3609 Suffixae
1545 3540 1726 3609 enim
1760 3543 1809 3621 i,
1853 3563 1984 3631 qua
2021 3541 2290 3609 nomina
2335 3538 2613 3609 actionis
2656 3542 2852 3609 infor-

670 3655 848 3719 mata
892 3650 1182 3728 fuerunt,
1228 3670 1393 3717 nova
1448 3648 1686 3717 suffixa
1723 3672 1766 3717 a
1799 3647 1891 3716 ita
1935 3648 2156 3717 addita
2199 3655 2297 3717 est
2342 3655 2416 3716 ut
2451 3646 2845 3738 adjectivum

727 3900 773 3954 1.
806 3904 874 3954 De
896 3900 1173 3952 sanseritici
1193 3907 1244 3951 et
1272 3901 1422 3964 graeci
1448 3907 1683 3951 accentus
1712 3900 1764 3948 in
1798 3900 1875 3949 his
1903 3901 2177 3949 formarum
2202 3901 2473 3962 generibus
2505 3899 2848 3961 congruentia,

662 3977 775 4026 vide
811 3975 957 4038 Bopp.
1003 3972 1402 4037 Verqleickendes
1434 3970 2014 4037 Accentuationssystem‚
2048 3986 2097 4033 p.
2135 3972 2227 4021 150
2251 3976 2303 4020 et
2338 3986 2389 4034 p.
2416 3968 2495 4020 22.
2545 3972 2650 4020 Imo
2679 3970 2851 4021 formae

663 4048 867 4098 materia
892 4058 1035 4111 pares
1065 4045 1117 4092 in
1143 4045 1435 4098 universum
1465 4044 1594 4107 apud
1624 4044 1770 4093 Indos
1798 4043 1948 4092 simul
1969 4049 2017 4091 et
2037 4043 2225 4093 Graecos
2244 4050 2301 4093 ut
2325 4044 2522 4093 nomina
2543 4042 2752 4092 actionis
2767 4047 2852 4091 aut

670 4122 866 4185 agentis
891 4118 1043 4171 simili
1076 4124 1310 4167 accentus
1339 4119 1452 4181 lege
1480 4116 1864 4177 distinguuntur
1889 4116 1977 4179 (cf.
2003 4115 2144 4173 ibid„
2168 4131 2215 4180 p.
2243 4115 2341 4178 22.)
2374 4114 2440 4163 De
2461 4114 2686 4163 sensibus
2710 4126 2850 4164 voca·-

668 4193 904 4241 bulorum
948 4197 1005 4241 ut
1046 4195 1207 4255 τόμος,
1252 4195 1405 4256 φόρος,
1449 4194 1636 4254 τρόχος;
1682 4194 1820 4259 πόρος
1866 4188 2202 4250 peculiariter,
2247 4192 2453 4237 accentu
2497 4186 2760 4247 distinctiS,
2787 4186 2852 4235 cf.

669 4265 719 4313 E.
753 4264 933 4328 Egger,
975 4264 1058 4314 Ch.
1096 4263 1314 4324 Galuski‚
1353 4260 1581 4311 Methode
1609 4276 1745 4325 pour
1775 4258 1976 4311 &tudier
2007 4258 2392 4320 l’accentuation
2413 4274 2650 4326 yrecque,
2686 4274 2732 4323 p.
2769 4256 2850 4317 45,-

670 4342 771 4387 not.
802 4336 849 4384 2.
