3234 5150
1616 445 1896 501 ...86-

668 596 883 671 posse,
919 575 1085 643 utin
1125 575 1249 642 hoc
1284 574 1427 644 loco
1465 595 1479 636 t
1517 582 1593 659 Π,
1627 572 1736 641 85.
1780 579 1979 658 Πείθερ
2009 572 2085 650 δ’,
2120 581 2198 654 ὥς
2221 599 2305 642 τοι
2333 579 2449 661 ἐγὼ
2477 582 2648 660 μύθου
2680 583 2848 656 τέλος

667 693 726 757 ἐν
746 691 897 775 φρεσὶ
926 691 1082 754 θείω.
1136 682 1305 762 Quid
1346 682 1548 772 igitur
1584 677 1837 751 obstitit
1874 681 2036 770 quin
2066 681 2433 772 simplicior
2460 684 2726 774 optativi
2750 685 2848 753 in-

666 792 1043 885 terpretatio
1074 791 1155 860 ad
1176 789 1676 880 conjunctivum
1701 788 2196 867 transferretur,
2226 790 2471 859 omissa
2495 791 2848 861 remotiore

666 907 730 970 et
759 897 1183 988 exquisitiore
1219 919 1335 987 per
1366 895 1869 988 conjunctivum
1911 895 2236 983 jubendi?
2274 898 2345 964 In
2401 896 2848 968 similitudini-

666 1009 815 1087 bus,
847 1005 1127 1096 exempli
1180 1027 1403 1084 causa,
1449 1005 1673 1073 fictam
1726 1001 2080 1094 imaginem
2125 1003 2585 1094 conjunctivus
2630 1027 2848 1076 nonne

665 1119 756 1190 ita
787 1117 1126 1207 designare
1167 1114 1382 1206 potuit
1429 1120 1502 1184 ut
1546 1135 1653 1183 res
1691 1113 1831 1204 ipsa
1856 1130 2052 1200 posse
2096 1112 2363 1201 quidem
2406 1117 2560 1199 fier-i
2605 1115 2848 1186 videre-

666 1233 798 1306 tur,
831 1223 1139 1315 praesenti
1184 1228 1406 1291 autem
1436 1227 1731 1311 tempore
1764 1241 1896 1288 non
1930 1224 2109 1288 esse?
2141 1220 2323 1288 Haud
2366 1221 2524 1289 satis
2555 1221 2848 1314 intelligo

664 1354 786 1402 cur
856 1328 1312 1410 Delbruckius‚
1388 1333 1596 1418 qu‘um
1674 1327 2002 1418 ejusmodi
2097 1328 2704 1419 interpretationem
2777 1331 2849 1400 in

664 1445 977 1532 promptu
1006 1439 1300 1518 haberet,
1351 1437 1485 1505 imo
1516 1457 1591 1505 ea
1627 1436 1708 1505 ad
1751 1435 2214 1526 explicandum
2244 1437 2606 1528 optativum
2637 1445 2851 1509 utere-

663 1557 799 1630 tur,
834 1547 1135 1619 camdem
1177 1545 1617 1617 in·simillima
1655 1546 1736 1614 de
1769 1545 2190 1636 conjunctivo
2221 1546 2705 1638 disquisitione,
2734 1557 2851 1622 aut

665 1655 1042 1748 neglexerit,
1083 1662 1196 1726 aut
1225 1653 1690 1745 repudiaverit.

750 1765 960 1856 Longe
983 1771 1205 1833 tamen
1238 1763 1415 1832 abest
1442 1769 1516 1831 ut
1554 1762 1697 1853 ipse
1715 1763 1980 1851 priores
2023 1763 2401 1844 sententiaS,
2435 1764 2700 1855 quibuS,
2734 1775 2851 1836 aut

662 1873 1145 1964 conjunctivuS,
1180 1879 1294 1940 aut
1342 1870 1674 1962 optativus
1717 1870 1911 1949 inest,
1963 1870 2052 1939 ita
2095 1869 2484 1962 interpreter
2518 1880 2592 1942 ut
2621 1872 2850 1944 modos

662 1983 811 2054 illos
847 1982 915 2050 in
945 1981 1051 2060 iis,
1087 1979 1267 2050 haud
1312 2001 1501 2048 secus
1534 1986 1730 2068 atque
1761 1978 1832 2048 in
1864 1979 2240 2070 praecipuis,
2297 1980 2466 2048 nihil
2506 1981 2686 2051 aliud
2718 1983 2850 2053 nisi

663 2091 838 2181 quod
858 2089 1002 2159 fieri
1031 2095 1245 2179 potest
1269 2087 1738 2178 significavisse
1762 2087 2140 2156 concedam.
2161 2089 2325 2157 Raro
2350 2089 2553 2169 enim,
2579 2097 2654 2159 ut
2673 2091 2849 2160 idem

664 2196 1249 2289 argumentationis
1284 2217 1490 2286 genus
1531 2217 1766 2263 rursus
1797 2217 2093 2286 urgeam,
2123 2196 2323 2266 locus.
2348 2199 2851 2288 pronuntiandae
2903 2247 2910 2254 -

662 2307 998 2378 sententiae
1028 2304 1181 2384 fuit,
1213 2326 1343 2395 qua
1372 2303 1540 2372 nihil
1568 2303 1699 2372 nisi
1739 2304 1914 2394 quod
1945 2303 2087 2373 fieri
2117 2312 2359 2395 posset,
2396 2305 2640 2376 omissa
2666 2309 2849 2378 omni

660 2438 817 2484 cum
851 2414 999 2483 aliis
1025 2412 1223 2483 rebus
1244 2411 1730 2501 conjunctione,
1747 2411 2260 2501 exprimeretur.
2293 2415 2606 2480 Priorum
2629 2421 2848 2485 autem

663 2506 1167 2602 sententiarum,
1208 2519 1275 2590 id
1316 2526 1413 2589 est
1450 2519 1928 2590 sententiarum
1967 2519 2209 2609 quibus
2239 2520 2525 2591 conditio
2565 2521 2853 2593 declara-

662 2642 774 2702 tur
804 2634 912 2722 (ad
946 2634 1117 2700 hanc
1148 2630 1327 2699 enim
1362 2652 1669 2700 normam
1695 2629 2046 2720 pleraeque,
2073 2637 2147 2699 ut
2162 2632 2302 2721 jam
2325 2632 2577 2700 dictum
2597 2639 2719 2711 est,
2747 2654 2851 2701 re-

664 2740 951 2810 ferendae
978 2740 1185 2829 sunt),
1208 2739 1517 2828 frequens
1546 2760 1735 2817 usuS,
1755 2745 1819 2806 et
1848 2760 2027 2807 nunc
2051 2746 2172 2817 est,
2202 2747 2265 2808 et
2290 2762 2326 2808 a
2355 2740 2570 2829 prima
2606 2761 2852 2809 sermo-

665 2848 769 2917 nis
801 2847 1053 2937 origine
1087 2846 1456 2915 necessario
1493 2844 1656 2925 fuit3
1699 2868 1912 2935 neque
1951 2846 2150 2915 aliam
2181 2846 2384 2916 habui
2422 2870 2690 2917 causam
2733 2871 2855 2918 cur

664 2955 732 3024 id
764 2955 1185 3046 potissimum
1220 2952 1472 3044 periodi
1503 2974 1710 3041 genus
1740 2952 1810 3021 in
1841 2953 2050 3043 capite
2084 2955 2157 3032 ΙΙ,
2198 2954 2244 3021 Β
2273 2955 2606 3045 eligerem,
2646 2956 2853 3047 perio-

666 3063 769 3132 dis
802 3062 1101 3153 linguam
1129 3062 1236 3131 vix
1271 3062 1648 3130 inchoatam
1680 3082 1902 3130 carere
1945 3083 2078 3130 non
2123 3062 2416 3153 potuisse
2445 3063 2853 3133 demonstra-

670 3180 884 3241 turus.
916 3174 963 3238 A
986 3170 1351 3240 rarioribus
1378 3176 1599 3239 autem
1630 3168 1971 3239 sententiis
1996 3170 2190 3238 illum
2228 3193 2426 3259 quem
2451 3172 2854 3262 inquirimus

668 3278 1072 3369 conjunctivi
1124 3286 1189 3347 et
1242 3278 1513 3367 optativi
1548 3300 1747 3346 usum
1787 3278 1869 3347 ad
1923 3278 2402 3368 frequentiores
2453 3281 2848 3351 translatum

668 3408 834 3465 esse,
863 3408 997 3454 non
1024 3386 1338 3454 credibile
1367 3388 1487 3454 est.

758 3495 895 3561 Imo
929 3515 1104 3572 vero,
1143 3493 1245 3561 vel
1273 3491 1605 3582 praecipua
1637 3514 1790 3559 cum
1841 3492 2133 3583 subjecta
2163 3494 2406 3584 priore,
2452 3495 2508 3563 si
2551 3499 2854 3565 similitu-

674 3603 861 3668 dines
895 3600 1183 3679 omittas,
1236 3600 1413 3667 haud
1463 3599 1688 3667 minus
1729 3607 1903 3670 arcte
1937 3622 2139 3690 quam
2187 3604 2326 3671 haec
2364 3624 2517 3671 cum
2559 3603 2672 3671 illa
2702 3627 2852 3674 coa-

673 3710 921 3776 lescere
946 3707 1110 3775 solet
1145 3732 1159 3773 :
1196 3706 1572 3776 conditione
1614 3706 1794 3775 enim
1830 3729 2159 3797 expressa,
2192 3710 2526 3800 praecipua
2562 3734 2596 3781 e
2631 3713 2855 3781 condi-

672 3815 850 3884 tione
913 3815 1173 3903 pendet.
1242 3816 1385 3903 Ipsa
1451 3813 1654 3903 igitur
1708 3816 2062 3904 praecipua,
2141 3818 2211 3885 in
2266 3818 2594 3908 'ejusmodi
2642 3820 2853 3909 perio-

674 3922 809 4000 dis,
891 3942 1024 3989 non
1097 3920 1272 4011 quod
1334 3928 1467 3999 est,
1540 3922 1653 3990 sed
1715 3922 1890 4011 quod
1941 3922 2085 3993 fieri
2146 3932 2361 4016 potest
2416 3927 2847 4018 exprimitur;

675 4051 807 4097 non
860 4036 1081 4097 autem
1131 4028 1305 4118 quod
1348 4029 1490 4098 fieri
1542 4036 1753 4119 potest
1793 4032 1934 4100 sine
1979 4032 2074 4101 rei
2124 4034 2326 4102 ullius
2367 4043 2690 4126 respectu,
2736 4036 2848 4105 sed
2945 4070 2956 4083 ·

574 4176 588 4185 κ
674 4138 850 4228 quod
890 4137 1032 4206 fieri
1083 4138 1311 4228 possit,
1365 4138 1421 4206 si
1468 4138 1629 4227 quid
1673 4138 1853 4208 aliud
1895 4141 2140 4211 factum
2188 4142 2296 4212 sit.
2333 4142 2477 4213 Haec
2525 4152 2624 4213 est
2667 4146 2846 4216 notio

676 4268 821 4335 quae
852 4245 1277 4315 conditionali
1309 4245 1503 4314 modo
1532 4246 1601 4314 in
1631 4248 2107 4318 recentioribus
2138 4250 2381 4339 linguis
2412 4251 2839 4341 significatur,

676 4352 744 4419 in
790 4352 1274 4441 antiquioribus
1310 4358 1529 4421 autem
1580 4356 2000 4445 conjunctivo
2050 4365 2114 4427 et
2159 4360 2465 4448 optativo,
2520 4359 2589 4426 in
2633 4382 2842 4447 graeca
