3234 5150
1374 497 1616 552 ...7-

399 627 591 709 ἓω-μι,
627 625 1072 716 prothemate
1112 619 1404 710 radicem
1447 621 1661 711 ipsam
1708 621 2231 713 (reduplicatam)
2261 619 2585 714 usurpant

400 723 756 823 primitus
739 755 809 801 1n
849 731 1139 800 vocalem
1179 745 1221 797 ᾱ
1262 731 1692 810 desinentem,
1730 752 2015 821 quacum
2054 733 2452 822 conjunctivi
2484 755 2585 801 vo-

399 840 560 910 calis
609 865 652 907 a
699 841 768 908 in
810 839 1110 908 eamdem
1151 853 1193 905 ᾱ
1241 840 1474 927 (graece
1511 868 1582 924 ω,
1628 869 1691 924 η,
1722 868 1803 908 τι·
1808 849 1912 920 θῶ,
1958 851 2174 932 τι-θῆ-ς
2208 857 2337 932 pro
2359 851 2538 926 τι-θη-
2514 870 2589 923 -ις

399 950 555 1038 cet.)
590 949 937 1029 conflatur,
993 948 1169 1015 salva
1217 953 1437 1014 tamen
1467 947 1536 1014 in
1567 935 1984 1016 circumflexa
2026 950 2273 1040 syllaba
2302 956 2591 1018 contrac-

397 1058 598 1128 tionis
664 1055 1022 1134 memoria3
1103 1055 1388 1122 aliolum
1438 1062 1511 1121 ut
1569 1057 1713 1138 εἴ-μι
1764 1081 1797 1120 «
1830 1078 1995 1139 eo»,
2066 1063 2215 1144 εἰ-μί
2266 1079 2386 1149 plo
2439 1066 2525 1126 ἐσ-
2500 1088 2591 1144 -μι

404 1191 438 1231 «
469 1188 706 1250 sum»,
763 1162 1224 1253 conjunctivus
1279 1163 1594 1251 analogiae
1642 1163 1806 1253 lege,
1840 1187 1967 1254 qua
2006 1165 2178 1233 nihil
2225 1167 2295 1234 in
2354 1167 2588 1235 immu-

400 1273 596 1342 tando
625 1293 926 1340 sermone
967 1270 1176 1359 magis
1213 1270 1406 1349 valet,
1454 1270 1524 1336 in
1562 1271 2045 1360 conjugationis
2090 1274 2323 1364 primae
2361 1270 2592 1362 simili-'3

399 1381 696 1450 tudinem
754 1378 1014 1468 rapitur
1070 1402 1084 1443 ε
1146 1382 1265 1460 ἰ’-ω,
1314 1383 1480 1468 ἰ’-ῃ-ς,
1518 1417 1600 1426 -
1649 1385 1769 1460 ἐ’-ω,
1822 1385 1965 1470 ἔ-ῃ-ς
2026 1381 2216 1472 (ion.)
2263 1404 2382 1473 pro
2430 1390 2583 1472 ἐσ-ω,

403 1497 586 1579 ἐσ-ῃ-
559 1537 608 1569 Ψ
660 1487 751 1554 Ex
804 1486 1033 1553 eodem
1073 1490 1293 1552 tamen
1335 1487 1450 1568 εἶμι
1495 1510 1528 1549 «
1561 1506 1638 1553 eo
1663 1511 1697 1550 »
1756 1487 1968 1555 forma
2022 1495 2383 1579 superest*
2362 1519 2455 1558 ι-ο-
2458 1518 2582 1575 μεν,

400 1619 598 1686 quam
631 1595 710 1664 ab
745 1591 1083 1662 indicativi
1116 1593 1386 1660 forma*
1363 1621 1403 1659 ι-
1405 1621 1504 1678 μεν
1534 1593 1917 1684 interposita
1943 1596 2151 1665 vocali
2190 1626 2221 1666 0
2255 1597 2587 1688 (primitus

399 1707 464 1794 a)
499 1701 842 1772 derivare
825 1723 894 1769 m
925 1685 1235 1791 promptu
1266 1707 1387 1769 est.
1964 1731 1969 1734 ·

483 1813 620 1879 Huc
650 1809 806 1879 addi
838 1814 1116 1899 possunt
1148 1809 1376 1876 formae
1409 1832 1578 1899 quae,
1612 1817 1688 1878 ut
1706 1833 1935 1900 graecae
1964 1813 2206 1902 linguae
2237 1813 2403 1882 ratio
2433 1815 2582 1893 fert,

398 1919 480 1988 ad
511 1918 738 1987 aoristi
784 1915 1283 2005 conjunctivum
1318 1916 1671 2006 pertinent,
1717 1919 1771 1986 si
1808 1920 2094 2011 primam
2137 1926 2355 1989 autem
2395 1922 2590 2012 origi-

397 2050 549 2096 nem
581 2024 971 2116 respexeriS,
1016 2045 1052 2091 a
1081 2023 1500 2113 conjunctivo
1540 2027 1881 2114 praesentis
1925 2028 1994 2094 in
2032 2029 2345 2113 secunda,
2385 2051 2585 2118 quam

397 2141 656 2213 vocant,
686 2132 1038 2202 verborum
1071 2132 1278 2199 classe
1320 2131 1594 2200 minime
1634 2133 1902 2202 differre
1931 2135 2367 2222 videbuntur,
2408 2144 2588 2224 φθί-ε-

397 2270 507 2321 ται,
539 2238 821 2331 exempli
862 2259 1087 2314 causa,
1118 2259 1272 2305 cum
1307 2243 1556 2324 ἔ-φθι-το
1599 2239 1654 2326 (ε’
1698 2239 1875 2307 enim
1902 2269 1992 2302 =
2021 2242 2291 2330 antiqua
2330 2269 2373 2311 a
2410 2244 2585 2311 haud

398 2357 588 2417 s'ecus
636 2353 834 2436 atque
885 2345 970 2433 0),
1028 2385 1110 2394 —
1157 2350 1459 2431 δώ-ο-μεν,
1509 2355 1812 2432 στὴοο-μεν
1856 2369 2009 2414 cum
2054 2355 2282 2436 ἔ-δω-ν,
2333 2357 2581 2436 ἕ-στη-ν,

397 2455 847 2550 comparatae1.
879 2451 1016 2519 Imo
1047 2458 1351 2536 δώ-ο-μεν,
1383 2460 1705 2537 στή-ο-μεν,
1734 2474 1861 2543 pro,
1895 2454 2106 2544 magis
2134 2455 2439 2544 genuinis
2468 2459 2583 2525 ha-

395 2565 515 2634 beo
550 2586 751 2655 quam
780 2567 1027 2647 ἴ-ο-μεν.
1060 2559 1221 2627 Nam
1255 2563 1500 2647 ἰ’-ο-μεν,
1533 2566 1598 2629 et
1634 2583 1669 2630 e
1697 2562 2173 2654 >posterioribus
2208 2588 2363 2646 una,
2408 2575 2586 2655 <pot-e,-

392 2701 506 2752 ται,
543 2695 579 2740 a
610 2670 855 2739 vedicis
900 2691 1052 2737 mox
1096 2668 1452 2737 afferendis
1499 2670 1813 2759 exemplis
1840 2666 1920 2740 eo
1960 2671 2334 2764 discrepant
2380 2674 2579 2763 quod,

400 2802 606 2870 quum
646 2777 945 2846 omnium
977 2776 1281 2845 secundae
1322 2776 1803 2867 conjugationis
1847 2779 2199 2847 verborum
2240 2781 2581 2872 proprium

399 2894 482 2955 sit
533 2885 907 2977 graviorum
960 2884 1060 2974 (ut
1105 2882 1271 2969 εἷ’-μι,
1323 2884 1545 2972 ἔ-δω-ν)
1593 2891 1658 2952 et
1697 2884 2017 2954 leviorum
2074 2888 2172 2977 (ut
2211 2892 2388 2972 ἰ’-μεν,
2426 2894 2584 2955 ἔ-δο-

399 3022 525 3080 μεν,
560 2991 853 3080 ὲ-δόωμην)
889 2990 1256 3083 formarum
1299 2988 1554 3057 vicibus
1605 3012 1724 3081 per
1758 3014 2072 3071 numeros
2104 2999 2169 3060 et
2197 3014 2433 3083 genera
2472 3016 2581 3061 va-

400 3100 583 3179 riari,
646 3118 874 3187 graecae
931 3096 1198 3186 quidem
1257 3095 1486 3163 formae
1541 3096 1622 3162 ad
1676 3096 1895 3164 levius
1934 3098 2155 3166 thema
2211 3098 2578 3187 pertinent,

398 3208 636 3277 vedicae
691 3198 909 3275 autem
948 3226 984 3271 a
1038 3203 1356 3292 graviore,
1405 3202 1811 3273 incremento
1862 3206 2039 3295 quod
2082 3228 2261 3295 quna
2311 3213 2583 3275 vocatur

402 3318 593 3384 aucto
639 3312 950 3390 themate,
997 3308 1182 3377 nullo
1227 3331 1661 3377 numerorum
1701 3318 1815 3379 aut
1856 3334 2171 3401 generum
2204 3312 2584 3381 discrimine

402 3420 654 3499 habito,
687 3427 761 3488 ut
813 3440 965 3485 mox
1007 3417 1372 3496 ostendam,
1409 3416 1849 3486 declinantur.
1887 3420 2095 3499 Quam
2132 3412 2342 3509 legem
2374 3443 2582 3510 quum

401 3530 584 3597 nulla
629 3549 665 3595 e
707 3526 866 3623 satis
899 3524 1128 3592 multis
1158 3523 1402 3592 vedicis
1441 3524 1673 3593 formis
1706 3525 1925 3609 violet,
1958 3549 2323 3617 graecarum
2358 3534 2579 3595 autem

401 3636 953 3729 paucissimarum
1001 3654 1152 3723 pars
1205 3636 1336 3700 non
1370 3632 1612 3712 ,minor
1647 3640 1947 3720 δώ-ο-μεν,
2000 3646 2297 3721 στὴ-ο-μεν
2314 3640 2359 3714 ²,
2412 3643 2586 3703 oet-0-

402 3774 502 3829 pav
532 3766 650 3833 pro
687 3752 977 3827 θη-ο-μεν,
1012 3746 1164 3818 cet.,
1195 3740 1577 3827 sequantur,
1622 3739 1726 3807 vix
1767 3740 1995 3808 dubito
2028 3742 2109 3809 ad
2148 3741 2442 3831 linguam
2476 3764 2583 3813 ve-

402 3850 560 3918 dicae
626 3849 828 3917 simul
885 3854 949 3915 et
1009 3867 1236 3941 graecae
1291 3846 1673 3936 genitricem
1745 3847 2010 3915 referre.
2076 3848 2373 3917 Ceterum
2440 3872 2585 3939 quae

404 3979 629 4049 graecae
661 3955 1080 4047 excipiuntur
1111 3953 1361 4034 formae,
1399 3976 1510 4023 eas
1548 3954 2199 4025 animadvertendum
2248 3964 2347 4025 est
2389 3958 2587 4027 levio-

450 4208 510 4267 1.
548 4205 783 4267 Reliquas
811 4202 928 4259 vide
946 4202 1076 4265 apud
1107 4200 1333 4252 Curtium
1367 4200 1484 4266 (Das
1524 4199 1726 4251 Verbum
1748 4201 1840 4251 der
1860 4202 2203 4267 qriechischen
2241 4202 2479 4267 Sprache,
2518 4201 2583 4260 11,

405 4296 454 4343 p
442 4278 510 4399 25
503 4276 747 4401 8)Rad1cis
773 4370 826 4399 er
829 4370 877 4410 α,
907 4367 990 4403 orn
1019 4346 1224 4410 quidem
1246 4344 1427 4395 vocalis
1449 4367 1476 4403 η
1501 4345 1578 4395 vel
1607 4344 1661 4394 in
1698 4346 1885 4409 plurali
1908 4344 2164 4398 indicativi
2185 4362 2393 4399 numero
2416 4355 2588 4400 contra

405 4422 649 4473 similium
675 4421 942 4471 verborum
967 4432 1160 4469 morem
1190 4417 1481 4481 reperitur:
1505 4418 1545 4467 ἔ-
1548 4438 1631 4475 στη
1635 4437 1763 4483 -μεν.
