3234 5150
1264 431 1437 498 449
1477 469 1545 484 ..-

317 575 449 638 tem
493 571 594 638 vel
651 570 731 638 de
781 568 1229 650 substantivis,
1295 571 1364 664 id
1421 571 1632 638 multo
1681 569 1881 664 etiam
1936 569 2371 638 confidentius
2416 567 2511 638 'de‘

319 677 658 765 adjectivis
706 684 820 744 aut
860 677 1476 766 participiisasseri
1533 685 1779 768 'potest;
1829 679 1965 746 imo
2016 701 2149 747 non
2193 671 2511 768 primitus

317 790 575 852 tantum
639 785 1157 858 enuntiationem
1216 785 1638 874 peculiarem·
1682 785 1764 878 iis
1820 787 2120 856 effectam
2165 787 2340 867 esse,
2390 786 2502 854 sed

317 892 538 960 etiam·
581 913 793 971 nunc,
869 891 1046 980 quod
1113 892 1194 960 ad
1260 912 1526 962 sensum
1593 900 1769 962 ce'rte
1800 946 1814 973 ,
1886 916 2019 962 non
2086 894 2167 962 ad
2219 895 2501 962 formam

319 999 580 1078 attinet,
623 1000 1065 1089 efficitibid„
1112 1017 1177 1090 p.
1231 1001 1368 1089 16).
1421 1002 1562 1068 Haec
1620 1000 1823 1080 enim,
1872 1023 2072 1091 quam
2111 1000 2375 1080 finxi,'«
2421 1001 2507 1068 To

320 1106 661 1175 ferientem
716 1128 822 1175 me
873 1106 1168 1180 occidam
1217 1133 1250 1172 »
1301 1129 1433 1178 non
1489 1106 1767 1198 simplex
1825 1115 1922 1176 est
1982 1106 2333 1186 sententia,
2392 1105 2524 1175 sed·

320 1235 356 1282 e
399 1213 662 1282 duabus
712 1213 994 1282 invicem
1053 1215 1368 1304 subjectis
1430 1222 1706 1284 constat.
1758 1215 1956 1284 Nobis
2008 1216 2313 1305 quidem,
2375 1235 2507 1282 ser-

321 1341 584 1390 monem
651 1322 1128 1412 usurpantibus
1186 1321 1255 1389 in
1321 1340 1450 1413 quo
1513 1343 1756 1391 nomen
1822 1328 1885 1390 et
1949 1322 2225 1390 verbum
2292 1324 2503 1391 forma

322 1421 665 1518 perspicue
700 1419 1008 1498 distincta
1050 1435 1390 1519 apparent,
1430 1436 1780 1520 postquam
1833 1429 2283 1519 participium,
2317 1429 2384 1497 id
2410 1433 2509 1498 e‘st

321 1533 586 1616 nomen,
623 1535 692 1622 in
726 1537 908 1605 verbi
952 1536 1161 1606 vicem
1209 1536 1703 1616 substituimus,
1737 1557 1869 1606 una
1898 1558 1934 1605 e
1964 1537 2222 1607 duabus
2246 1544 2507 1631 senten-

317 1643 408 1711 tia
463 1643 605 1712 fieri
649 1642 934 1712 videtur.
993 1642 1182 1712 Illam
1237 1650 1459 1714 autem
1515 1645 1839 1714 rationem
1892 1645 2213 1736 propositi
2276 1657 2509 1714 sensus

316 1746 723 1841 exprimendi
753 1750 1003 1841 aliquid
1037 1751 1280 1820 habere
1317 1750 1491 1820 docti
1521 1758 1585 1820 et
1611 1751 1919 1841 exquisiti
1960 1753 2111 1842 quis
2144 1773 2277 1821 non
2305 1751 2515 1831 videt,¹

319 1877 687 1949 parumque
733 1859 1176 1938 consentanei,
1248 1879 1380 1928 non
1435 1860 1763 1953 sermonis
1811 1859 2016 1929 initio
2064 1867 2345 1929 tantuin
2378 1881 2509 1950 quo

321 1965 500 2036 verbi
547 1974 612 2036 et
655 1966 946 2035 nominis
991 1967 1255 2035 nullum
1309 1975 1448 2036 erat
1498 1964 1879 2048 discrimen,
1930 1967 2044 2036 sed
2090 1969 2291 2036 etiam
2336 1967 2509 2036 aetati

325 2096 454 2163 qua
488 2075 716 2144 formae
751 2097 882 2143 usu
917 2073 1234 2165 distingui
1280 2082 1645 2166 coeperunt.
1675 2071 1874 2144 Multo
1914 2075 2177 2144 facilius
2210 2066 2523 2166 intelligi-⁷

325 2189 460 2262 tur,
501 2190 854 2272 antequam
895 2182 1384 2272 conjunctionis
1439 2173 1476 2248 α’
1506 2183 1561 2251 si
1602 2208 1637 2248 »
1672 2203 1833 2252 usus
1877 2183 2273 2252 constitutus
2312 2189 2505 2263 esset,

329 2285 472 2376 ipsa
515 2287 866 2357 modorum
913 2287 977 2354 vi
1018 2287 1348 2376 (futurum
1406 2285 1584 2356 enim
1615 2285 2025 2377 genuinum·
2062 2286 2335 2356 modum
2370 2295 2525 2354 esse·

331 2392 672 2486 dix-imus),
719 2396 994 2464 alteram
1031 2393 1421 2463 sententiam
1469 2402 1543 2462 ut
1579 2394 1768 2462 alteri
1818 2393 2179 2484 subjectam
2220 2394 2513 2484 designa-

327 2507 465 2570 tam
508 2525 652 2572 esse
698 2528 732 2568 «
770 2501 982 2571 Feries
1025 2523 1156 2585 me,
1203 2500 1498 2571 occidam
1547 2509 1611 2570 te
1647 2526 1719 2583 »ς
1776 2502 1939 2591 imo,
1996 2489 2348 2593 antequam
2385 2504 2513 2572 ele-

331 2618 551 2680 menta
586 2604 887 2701 quaedam
927 2620 999 2681 ut
1035 2603 1388 2681 modorum
1420 2610 1665 2679 indicia
1698 2617 2015 2705 usurpata
2046 2618 2287 2693 essent,
2326 2612 2511 2680 nullo

330 2719 596 2808 quidem
628 2719 922 2788 adhibito
967 2718 1176 2809 signo,
1226 2716 1436 2809 ipsius
1486 2725 1708 2789 autem
1748 2739 1981 2788 sensus
2030 2718 2121 2800 vi,
2157 2718 2513 2787 sententias

333 2852 368 2890 «
403 2827 616 2907 Ferio,
669 2827 895 2895 occido
938 2852 972 2893 »
1021 2828 1296 2897 alteram
1343 2848 1425 2897 ex
1473 2828 1677 2897 altera
1722 2827 2151 2918 pependisse;
2201 2826 2507 2916 denique,

333 2941 686 3023 antequam
738 2934 954 3025 prima
999 2935 1370 3003 formarum
1419 2934 1793 3003 rudimenta
1842 2941 2060 3003 essent
2104 2934 2390 3013 inventa,
2437 2956 2515 3002 ex

331 3041 492 3131 ipsis
527 3040 864 3110 radicibus
909 3043 1074 3111 duas
1109 3041 1488 3122 sententias,
1533 3042 1588 3110 si
1633 3042 1857 3111 minus
1896 3039 2111 3131 specie
2146 3047 2209 3109 et
2242 3040 2512 3109 exterio·
2600 3106 2603 3111 .

333 3149 518 3218 ribus
560 3149 850 3229 indiciis,
897 3170 968 3219 re
1011 3156 1231 3217 tamen
1273 3148 1508 3217 iisdem
1554 3148 1838 3217 vinculis
1887 3155 2083 3237 atque
2125 3148 2192 3216 in
2229 3148 2514 3239 perfecta

333 3258 558 3347 lingua
600 3258 906 3347 religatas
949 3254 1274 3325 exstitisse
1321 3283 1354 3321 «
1393 3255 1635 3338 Ferire,
1674 3254 1973 3325 occidere
2014 3282 2078 3322 n.
2120 3255 2298 3325 Adde
2338 3257 2515 3347 quod

334 3388 416 3434 ne
463 3366 781 3433 exteriora
823 3364 1090 3453 quidem
1131 3364 1375 3433 indicia
1413 3370 1562 3434 ante
1591 3350 1945 3433 defuerunt
1972 3384 2173 3453 quam
2210 3362 2353 3454 ipsa
2383 3383 2517 3432 ser·-

336 3471 551 3542 monis
607 3472 880 3541 materia
943 3472 1380 3541 constiterint.
1445 3474 1524 3541 At
1583 3472 1915 3553 numeris,
1967 3479 2121 3541 tono
2142 3524 2158 3553 ,
2222 3471 2519 3563 corporis

336 3587 544 3661 motu,
581 3574 840 3659 ceteriS,
875 3586 950 3647 ut
977 3579 1176 3649 etiam
1207 3568 1386 3647 nunc
1419 3600 1588 3670 saepe
1621 3581 1717 3660 fit,
1754 3579 1933 3669 quod
1964 3579 2145 3649 sonis
2178 3600 2311 3647 non
2358 3579 2517 3649 satis

266 3690 274 3697 “
335 3693 555 3779 aperte
585 3687 1046 3757 declarabatur
1077 3688 1334 3779 explere
1356 3687 1548 3756 facile
1571 3695 1735 3757 erat.
2278 3776 2281 3780 Ι

423 3798 696 3867 Summa
725 3804 821 3865 est
861 3797 1062 3886 hujus
1099 3796 1562 3887 disputationis
1601 3816 1771 3885 quaa,
1818 3794 2203 3865 necessitate
2229 3790 2515 3885 quadam

334 3900 584 3988 rer'um,
619 3904 688 3972 in
717 3902 1002 3973 delibata
1046 3910 1245 3994 sup'ra
1273 3926 1507 3973 rursus
1541 3903 1797 3983 incidit,
1832 3903 2131 3971 notiones
2178 3904 2419 3971 multas
2448 3904 2518 3971 in

336 4031 636 4083 sermone
660 4010 863 4079 latere
892 4032 1113 4101 posse3
1150 4013 1325 4100 quod
1355 4017 1577 4080 autem
1599 4012 1681 4079 ad
1706 4010 1909 4099 hujus
1938 4010 2147 4080 libelli
2175 4010 2516 4099 proprium

336 4126 800 4213 argumentum
845 4118 1148 4209 pertinet,
1185 4118 1266 4185 iis
1305 4119 1420 4207 qui
1458 4119 1536 4187 do
1585 4116 1924 4186 sententiis
1970 4118 2159 4187 alteri
2206 4118 2523 4207 subjectis

340 4236 535 4319 agant
582 4226 794 4317 ipsam
849 4224 1382 4316 conjunctionem
1431 4225 1905 4293 sententiarum
1950 4249 1986 4294 a
2034 4226 2523 4314 conjunctionis

340 4335 604 4405 indiciis
659 4358 801 4406 esse
858 4334 1347 4407 secernendam.
1399 4333 1584 4412 Quod
1636 4356 1769 4403 non
1818 4333 1977 4403 satis
2027 4340 2400 4404 constanter
2449 4336 2519 4402 fit

2243 4468 2274 4517 4
