3234 5150
1334 467 1652 524 -11‘1-

404 595 639 675 forma,
680 595 809 663 nisi
844 593 911 662 in
951 595 1079 664 fine
1115 594 1459 664 vocalemi
1497 594 1767 663 missam
1805 594 2269 686 fecerit‚·quod
2314 617 2446 664 non
2486 596 2584 663 de-

408 703 763 771 monstrari
792 710 965 771 certe
1002 710 1235 793 potest,
1276 724 1407 770 non
1440 702 1758 772 locativus
1783 710 1903 782 est,
1931 704 2043 772 sed
2075 705 2293 772 thema
2326 703 2580 772 nudum

407 811 698 881 nominis
733 811 1009 880 actionis
1034 827 1095 879 'a
1138 813 1425 880 themate
1468 811 1718 890 amisti,
1758 812 1935 880 haud
1970 834 2158 881 secus
2194 821 2386 903 atque
2416 835 2582 881 ara-

406 921 550 988 dice
580 919 896 1010 qualibet,
934 919 1165 988 suffixa
1198 919 1519 1009 particula
1553 943 1644 986 an
1677 919 2131 989 informatum.

492 1027 788 1096 Ceterum
818 1049 950 1096 non
983 1027 1174 1094 aliter
1196 1048 1273 1094 ex
1306 1026 1446 1116 ipsa
1474 1026 1694 1094 radice
1715 1027 2102 1096 informatos
2123 1049 2274 1098 ‘esse
2299 1028 2582 1119 conjicio

406 1134 829 1227 imperativos
868 1134 1231 1224 syracosios
1274 1142 1345 1203 ut
1404 1143 1583 1222 θίγον,
1629 1142 1829 1214 λάθον,
1891 1142 2092 1204 ἄνελσν
2146 1136 2398 1221 (Curt.,
2456 1139 2576 1206 loc.

406 1245 546 1323 cit„
575 1242 802 1333 1³:45),
830 1242 1072 1332 quihus
1094 1243 1163 1308 in
1190 1241 1414 1311 vedica
1440 1241 1664 1330 lingua
1685 1243 2079 1332 respondent
2096 1242 2435 1321 infinitivi,
2465 1248 2586 1312 ter-

408 1348 765 1418 minatione
817 1348 1015 1416 dativi
1080 1346 1408 1428 instructi,
1472 1348 1543 1415 in
1619 1370 1744 1415 ane
1813 1348 2213 1437 (Delhruck.,
2261 1353 2403 1418 Ζοοι-
2439 1352 2577 1430 cit.,

491 1564 731 1634 Eadem
779 1563 1017 1633 suffixa
1070 1587 1183 1643 an,
1252 1564 1323 1631 in
1372 1564 1658 1632 secunda
1719 1563 2060 1654 praesentis
2093 1564 2322 1634 ‘classe
2367 1563 2583 1632 radici

404 1694 607 1762 quna,
684 1673 857 1762 quod
929 1679 1196 1752 vocant,
1260 1671 1665 1740 incremento
1723 1677 1930 1740 auctae
1991 1671 2236 1753 addita,
2294 1673 2445 1741 dein
2501 1672 2581 1740 ad

401 1786 651 1848 ceteras
680 1779 923 1848 classes
974 1780 1111 1868 lege
1152 1778 1836 1868 analogiae·translata‚
1864 1781 2084 1848 thema
2111 1780 2421 1848 eflectum
2441 1801 2583 1848 esse

403 1887 735 1985 existimo,
778 1887 972 1976 cujus
1013 1887 1367 1956 locativum
1412 1883 1673 1955 exhibet
1718 1887 1932 1977 prima
1981 1887 2148 1978 sing.
2215 1887 2582 1979 imperativi

306 2007 327 2028 ⁶
402 2015 679 2084 persona
736 1994 1119 2063 sanseritice
1178 1994 1248 2062 in
1280 1997 1427 2062 -ᾶηὶ
1468 1995 1797 2062 desinens.
1857 1996 1928 2062 In
1986 1995 2259 2063 locativo
2315 1995 2580 2084 quidem

403 2102 840 2172 nominalium
896 2104 1264 2171 thematum
1301 2103 1392 2171 in·
1428 2127 1519 2170 an
1560 2102 2028 2180 desinentium,
2085 2102 2328 2170 vocalis
2366 2127 2408 2172 a
2436 2127 2582 2194 pro-

404 2211 597 2278 ducta
628 2231 761 2278 non
781 2210 1131 2300 reperitur.
1162 2209 1345 2278 Haud
1378 2230 1547 2298 aegre
1575 2215 1797 2276 tamen
1817 2207 2232 2297 intelligitur,
2258 2209 2580 2298 ejusmodi

400 2317 793 2399 formarum,
831 2324 1178 2408 postquam
1223 2315 1625 2406 conjunctivi
1677 2315 1934 2395 formis,
1970 2315 2339 2406 imperativi
2371 2317 2578 2386 vicem

402 2427 469 2494 in
504 2425 736 2516 primis
766 2425 1063 2514 personis
1099 2424 1534 2515 explentihUS,
1578 2430 2026 2492 annumeratae
2045 2424 2312 2504 fuerint,
2349 2447 2580 2494 secun-

399 2537 559 2605 dum
580 2535 848 2604 illarum
881 2532 1249 2622 analogiam
1278 2532 1569 2602 vocalem
1590 2555 1634 2600 a
1660 2532 2047 2623 productam
2074 2531 2303 2602 fuisse.
2335 2533 2580 2602 Similis
2631 2581 2635 2585 -

400 2644 699 2732 quaedam
774 2641 1016 2710 vocalis
1050 2664 1093 2707 a
1123 2640 1492 2731 productio,
1530 2640 1654 2709 etsi
1697 2662 1828 2709 non
1868 2640 2098 2710 eodem
2134 2641 2328 2710 modo
2371 2643 2578 2732 ‘expli-

399 2752 559 2829 cari,
594 2751 825 2819 saltem
864 2748 1088 2838 negari
1120 2748 1225 2817 vix
1254 2754 1467 2839 potest
1493 2748 1563 2816 in
1600 2747 1887 2817 secunda
1923 2749 2091 2837 sing.
2143 2755 2268 2817 act.
2300 2750 2572 2839 impera·
2639 2762 2646 2767 ’

399 2857 513 2925 tivi
563 2879 839 2947 persona
888 2857 1238 2925 verborum
1310 2876 1499 2923 nonae
1545 2855 1800 2935 classiS,
1857 2856 2074 2945 qualis
2132 2863 2227 2923 est
2284 2870 2498 2942 αςᾶηα
2543 2880 2578 2925 e

400 2964 619 3032 radice
675 2987 753 3049 ας)
814 2988 847 3027 c(
872 2963 1063 3031 edere
1099 2988 1133 3026 »
1193 2962 1559 3051 (Delbruck.
1627 2965 1759 3030 Das
1834 2965 2226 3030 altindische
2275 2966 2571 3045 Verbum,

400 3094 464 3162 p.
501 3071 681 3160 197),
736 3093 889 3161 qua,
926 3077 1160 3160 praeter
1198 3068 1512 3148 radicem,
1565 3069 1734 3136 nihil
1773 3069 2094 3138 contineri
2133 3070 2411 3150 videtur,
2447 3071 2575 3139 nisi

397 3179 625 3247 suffixa
690 3178 1011 3267 particula
1064 3194 1221 3255 ana,
1260 3176 1620 3265 saepissime
1685 3177 1754 3245 in
1824 3176 2256 3247 informandis
2291 3177 2576 3247 nomini-

396 3286 521 3353 bus
580 3285 856 3353 actionis
927 3290 1263 3373 usurpata.
1334 3283 1447 3352 Hic
1521 3305 1780 3363 rursuS,
1844 3290 1916 3352 ut
1961 3284 2030 3350 in
2084 3284 2311 3373 graecis
2344 3284 2575 3355 formis

398 3400 586 3472 λῦσεν,
619 3400 711 3472 δός
748 3392 908 3461 etin
946 3392 1149 3459 latina
1186 3394 1523 3480 prospices
1562 3392 1785 3460 thema
1825 3391 2114 3461 nominis
2144 3392 2420 3461 actionis
2448 3416 2572 3463 nu-

400 3484 585 3576 dum,
640 3498 1009 3590 imperativi
1060 3501 1204 3567 loco
1250 3500 1552 3589 fungenS,
1596 3499 2079 3589 deprehendere
2123 3499 2286 3566 mihi
2320 3499 2565 3569 videor.

441 3595 750 3677 ‘Nudum
800 3609 943 3676 sine
995 3608 1193 3676 dubio
1241 3609 1463 3676 thema
1516 3607 1794 3676 actionis
1841 3607 2153 3676 exhibent
2202 3606 2569 3696 imperativi

398 3717 649 3791 formae,
686 3716 909 3785 vedice
938 3716 1008 3783 in
1028 3726 1175 3797 -tat,
1200 3737 1407 3805 graece
1438 3716 1653 3795 ἱιι-τω,
1681 3715 1884 3784 latine
1919 3713 1990 3781 in
2005 3724 2122 3793 -το,
2149 3714 2518 3783 desinentes
2546 3740 2564 3797 ;

398 3847 544 3914 quae
570 3846 767 3915 quam
800 3845 944 3892 sero
974 3830 1037 3891 et
1070 3824 1470 3911 negligenter
1499 3821 1581 3890 ad
1611 3822 2113 3911 exprimendum
2137 3812 2567 3911 personarum

399 3933 755 4001 discrimen
825 3932 1332 4000 accommodatae
1389 3931 1545 4008 sint,
1605 3930 1673 3997 id
1744 3929 2049 4008 ostendit,
2115 3930 2289 4020 quod
2364 3930 2566 3998 trium

398 4062 826 4129 personarum
887 4040 957 4107 in
1016 4040 1361 4108 literarum
1427 4037 1872 4115 monumentis
1936 4037 2108 4107 vices
2163 4039 2444 4129 explent.
2495 4039 2566 4107 ln

396 4172 605 4239 graeca
648 4149 915 4239 quidem
969 4149 1190 4239 lingua
1226 4158 1409 4218 λυέτω
1437 4148 1741 4232 secundae
1769 4152 2024 4215 tantum
2069 4148 2237 4237 sing.
2275 4168 2567 4237 personae

398 4264 615 4345 partes
645 4255 899 4344 agit,‚‚in
929 4257 1132 4324 latina
1174 4263 1392 4347 autem
1434 4258 1650 4346 leqit0‚
1689 4255 1991 4324 secundae
2023 4261 2088 4325 et
2114 4254 2341 4335 tertiae,
2384 4256 2565 4323 deni·
2623 4276 2630 4283 ·

398 4386 547 4453 que,
586 4364 656 4460 in
712 4363 1118 4445 sanseritica,
1171 4364 1397 4434 formae
1442 4364 1509 4431 in
1545 4374 1674 4431 -ιῑιι
1721 4365 2114 4445 desinenteS,
2145 4386 2279 4433 non
2306 4370 2561 4433 tantum
