3234 5150
1608 460 1855 513 ...6.-

639 585 818 654 enim
871 591 985 652 aut
1035 582 1302 673 perfecti
1357 583 1535 650 haud
1588 604 1780 651 secus
1835 603 1909 652 ac
1961 581 2304 674 praesentis
2364 584 2829 674 conJunctivus

638 711 846 782 graece
874 690 1222 781 primarias
1252 696 1511 757 tantum
1553 690 2049 760 terminationes
2095 698 2396 782 usurpat,
2444 690 2828 760 sanseritice

643 798 1116 889 primariarum
1154 804 1218 865 et
1263 797 1807 866 secundariamm
1842 797 2097 868 vicibus
2126 798 2441 867 variatur.

729 906 913 984 Quod
948 903 1005 972 si
1044 904 1127 974 ad
1167 903 1534 994 optativum
1575 903 1964 985 transimuS‚
2007 905 2305 975 videmus
2338 906 2605 996 quidem
2648 928 2831 976 sans-

636 1013 934 1082 criticam
956 1032 1366 1100 graecamque
1388 1009 1714 1100 linguam,
1738 1011 1804 1079 in
1828 1011 2148 1102 eligendis
2167 1013 2601 1094 secundariis,
2623 1036 2829 1104 quum

638 1122 708 1189 in
749 1119 984 1199 active,
1034 1124 1177 1186 tum
1221 1117 1289 1185 in
1338 1117 1554 1185 medio
1599 1139 1861 1206 genere,
1917 1119 2518 1200 terminationibuS‚
2567 1127 2831 1212 excepta

641 1250 775 1298 una
806 1227 974 1318 sing.
1009 1233 1138 1295 act.
1178 1225 1392 1316 prima
1412 1227 1458 1304 ¹,
1488 1226 1858 1294 consentire
1887 1249 1903 1292 t
1937 1226 2169 1316 primae
2195 1232 2415 1295 autem
2448 1227 2615 1316 sing.
2652 1249 2827 1317 pers.

637 1333 1200 1411 terminationem,
1267 1330 1733 1399 secundariam
1771 1354 2033 1421 quoque
2070 1332 2141 1400 in
2188 1333 2572 1402 sanseritica
2606 1333 2833 1423 lingua

645 1446 737 1532 (et
776 1442 847 1510 in
888 1441 1119 1521 latina,
1171 1433 1366 1530 cujus
1411 1439 1896 1529 conjunctivuS,
1943 1439 2059 1529 qui
2095 1439 2361 1520 dicitur,
2414 1464 2656 1508 ame-m
2682 1463 2833 1511 vere

643 1550 970 1644 optativus
999 1550 1151 1640 est),
1179 1547 1250 1616 in
1280 1569 1488 1638 graeca
1532 1554 1752 1616 autem
1795 1547 1939 1617 sine
1968 1548 2411 1619 controversia
2445 1549 2832 1640 primariam

642 1678 786 1726 esse
820 1681 835 1723 ε
867 1663 1107 1742 λύοι-μι.
1155 1655 1378 1745 Neque
1407 1653 1927 1724 obliviscendum
1981 1661 2103 1735 est,
2153 1676 2298 1745 quae
2336 1661 2703 1725 ceterarum
2752 1657 2836 1726 ab

642 1764 982 1834 indicativi
1024 1762 1602 1832 terminationibus
1628 1764 1697 1832 in
1736 1770 2056 1853 praesente
2107 1763 2546 1855 discrepantia
2597 1771 2697 1834 est
2750 1766 2835 1855 (si

643 1883 855 1953 λύοι-ς,
900 1879 1080 1952 λύοι-,
1131 1878 1348 1941 λύοι-εν
1389 1877 1514 1939 cet.
1580 1893 1734 1939 cum
1767 1879 1980 1952 λύε-ις,
2020 1878 2202 1952 λύε-ι,
2249 1878 2441 1941 λύουσι
2468 1894 2587 1962 pro
2619 1879 2837 1942 λύο-ντι

601 2043 606 2048 .
646 1979 1184 2071 comparaveris),
1218 1999 1365 2047 eam
1411 1978 1482 2046 in
1516 1978 1759 2046 aoristo
1794 1981 2093 2068 (λύσεια-ς,
2134 1987 2372 2066 λύσειε-,
2407 1986 2658 2049 λύσεια-«ι
2705 1988 2832 2050 cet.

647 2108 801 2155 cum
839 2091 1141 2163 ἐ’-λυσα-ς,
1175 2089 1426 2170 ἔ-λυσε-,
1461 2089 1725 2151 {Quom-v
1766 2082 2045 2174 collatis)
2083 2083 2589 2154 similitudinem
2632 2085 2774 2154 fieri
2813 2111 2830 2153 τ

650 2194 894 2284 quippe
921 2192 1116 2288 cujus
1152 2191 1222 2258 in
1252 2191 1604 2260 indicativo
1630 2212 1891 2281 quoque
1917 2190 2415 2261 terminationes
2444 2192 2577 2261 sint
2606 2179 2836 2263 secun-

649 2299 875 2368 dariae.

739 2405 830 2474 Ex
854 2406 960 2474 his
983 2405 1175 2474 facile
1211 2403 1606 2494 intelligitur
1642 2427 1871 2474 verum
1914 2413 1979 2475 et
2026 2404 2413 2496 genuinum,
2449 2430 2656 2497 quum
2688 2429 2841 2476 con-

646 2513 954 2606 junctivi,
979 2519 1122 2583 tum
1155 2512 1451 2605 optativi,
1484 2513 1775 2605 signum,
1810 2514 2068 2606 siquod
2096 2521 2218 2595 est,
2252 2522 2403 2583 ante
2432 2513 2842 2584 terminatio-

653 2646 806 2693 nem
842 2621 1271 2711 quaercndum
1311 2644 1476 2691 esse.
1525 2625 1576 2690 A
1615 2624 2034 2714 conjunctivo
2081 2646 2315 2693 rursus
2357 2610 2603 2704 ordior,
2648 2630 2714 2692 et
2760 2644 2838 2692 eo

656 2730 923 2823 quidem
955 2730 1036 2797 ad
1066 2729 1409 2821 praesentis
1435 2732 1657 2799 thema
1686 2732 2076 2822 pertinente.
2679 2822 2685 2829 .

747 2836 1155 2927 Conjunctivi
1193 2835 1454 2927 signum
1480 2838 1690 2907 vocali
1720 2837 1901 2909 brevi
1932 2862 1975 2906 a
2003 2837 2413 2929 (sanseritice
2442 2861 2507 2917 a,
2542 2858 2753 2926 graece
2782 2867 2843 2925 0,
2916 2865 2923 2871 ·

657 2947 710 3037 ε)
763 2948 1040 3024 constat,
1083 2942 1258 3033 quod
1303 2943 1586 3012 maxime
1634 2943 1704 3011 in
1749 2944 1964 3012 verbis
2020 2945 2343 3023 secundae,
2388 2964 2533 3033 quae
2572 2943 2843 3023 dicitur,

661 3052 1012 3145 praecipuae
1038 3050 1522 3141 conjugationis
1542 3052 1967 3122 manifestum
1998 3059 2119 3121 est.
2153 3053 2397 3120 Horum
2429 3050 2606 3120 enim
2635 3074 2842 3141 quum

662 3158 1008 3250 praesentis
1051 3150 1438 3248 (indicativi)
1479 3160 1726 3248 thema,
1761 3166 1875 3228 aut
1912 3180 2029 3249 per
2070 3157 2309 3227 radicis
2354 3156 2659 3229 ultimam
2702 3157 2845 3225 lite-

663 3289 832 3345 ram,
867 3271 982 3333 aut
1019 3286 1136 3355 per
1171 3264 1449 3354 insigne,
1490 3268 1665 3356 quod
1702 3266 2065 3344 nominant,
2101 3264 2281 3332 haud
2306 3264 2527 3353 ipsum
2558 3263 2627 3332 in
2660 3287 2847 3333 voca·

662 3376 794 3443 lem
834 3394 872 3440 a
897 3372 1162 3440 brevem
1216 3372 1543 3453 desinenS‚
1590 3379 1795 3453 excat,
1840 3375 1985 3463 ejus
2027 3371 2283 3462 generis
2323 3372 2597 3440 themati
2623 3371 2841 3441 addita

665 3479 734 3546 in
760 3477 1178 3567 conjunctivo
1207 3477 1397 3546 litera
1432 3501 1471 3545 a
1497 3479 1758 3548 facilius
1787 3478 2239 3568 distinguitur.

763 3586 1030 3654 Formas
1071 3586 1338 3675 quidem
1374 3588 1575 3676 hujus
1624 3586 2079 3679 descriptionis
2114 3587 2182 3654 in
2211 3585 2413 3655 latina
2445 3586 2671 3676 lingua
2701 3584 2850 3653 nul-

666 3695 790 3771 las,
824 3692 894 3759 in
925 3713 1136 3781 graeca
1161 3693 1536 3761 rarissimas
1569 3716 1713 3763 esse
1745 3694 1924 3763 haud
1951 3692 2329 3762 mirandum
2366 3717 2382 3760 ε
2424 3693 2491 3760 in
2530 3692 2641 3759 illa
2673 3692 2848 3761 enim

669 3797 775 3864 vix
808 3817 1021 3863 unum
1053 3803 1118 3864 et
1154 3796 1462 3878 alterum,
1498 3798 1568 3865 in
1597 3800 1723 3867 hac
1751 3821 1959 3889 pauca
1988 3805 2247 3867 tantum
2282 3802 2542 3889 (nempe
2563 3821 2847 3889 quorum

670 3902 888 3991 prima
931 3923 1210 3991 persona
1263 3904 1334 3971 in
1374 3934 1466 3991 -μι
1496 3898 1648 3996 exit)
1685 3908 1879 3975 verba
1916 3906 2220 3974 secundae
2261 3904 2704 3995 conjugationi
2743 3927 2851 3974 an-

669 4010 1080 4077 numeranda
1125 4009 1575 4081 inveniuntur.
1628 4012 1715 4079 Ex
1766 4012 1871 4080 his
1905 4018 2125 4080 autem
2158 4011 2312 4094 alia,
2352 4018 2427 4079 ut
2454 4020 2727 4103 τί-θη-μι,
2770 4018 2854 4081 δί-

727 4218 776 4269 1.
810 4222 891 4271 Vel
911 4222 964 4272 in
992 4218 1155 4286 prima
1187 4225 1530 4275 secundariam
1561 4224 1960 4275 terminationem
1990 4226 2222 4275 exhibent
2248 4232 2455 4295 τρέφων,
2495 4228 2745 4291 ἁμάρτοιν.
2784 4224 2853 4275 De

663 4291 746 4341 his
768 4298 817 4341 et
843 4293 904 4342 de
923 4293 1324 4359 frequentissima
1347 4300 1520 4361 λὺοιμι,
1550 4312 1640 4346 nec
1678 4310 1777 4346 non
1800 4297 1861 4347 de
1898 4297 2000 4347 sola
2023 4302 2181 4346 stante
2224 4301 2567 4361 παραφθαίησι,
2590 4296 2703 4347 vide
2736 4294 2860 4345 Cur-

663 4362 791 4412 tium
815 4364 934 4429 (Das
966 4364 1170 4417 Verbum
1187 4364 1282 4413 'der
1301 4366 1637 4431 qriechincken
1660 4368 1895 4434 Spraclze,
1922 4368 1958 4427 1,
1986 4382 2035 4432 p.
2061 4366 2171 4425 140,
2196 4367 2306 4426 145,
2335 4367 2464 4430 158).
