3234 5150
1538 376 1855 430 —104—

603 505 735 568 tem
776 499 1076 568 suffixam
1118 523 1161 566 a
1194 519 1536 589 nunquam
1570 499 1899 589 insigniri.
1936 499 2012 567 In
2039 499 2272 569 formis
2291 500 2468 568 enim
2503 498 2784 567 sanseri-

602 606 744 674 ticae
764 606 1001 696 linguae
1023 612 1097 675 ut
1127 607 1417 696 tyaj-y-ct
1445 628 1561 697 pro
1587 608 1858 695 tyaj-i-ez
1887 627 1922 674 e
1948 607 2163 676 radice
2187 610 2329 698 tyaj
2342 633 2375 672 «
2399 608 2692 676 deserere
2717 631 2779 684 n,

600 713 1061 783 circumflexus
1086 735 1161 781 ex
1192 719 1381 782 acuto
1417 711 1754 804 primariae
1795 713 2042 782 suffixae
2073 713 2419 784 manifesto
2447 718 2633 782 ortus
2656 718 2802 796 est„

599 822 775 890 unde
840 821 1129 912 apertius
1198 821 1689 890 demonstratur
1729 819 2047 889 'suffixam
2108 845 2197 910 ya
2251 841 2286 888 e
2340 820 2599 889 duobus
2655 820 2787 888 ele-

600 929 841 998 mentis
892 935 1215 999 constare.
1262 930 1494 1007 ‘Quum
1522 935 1741 997 autem
1776 926 2254 1018 formaegraecae
2280 928 2522 1018 quibus
2553 929 2784 996 eadem

601 1037 832 1104 suffixa
871 1036 1045 1106 inest
1080 1036 1433 1104 radicalem
1471 1036 1768 1118 vocalem
1808 1035 1986 1103 haud
2035 1057 2222 1104 secus
2270 1057 2347 1104 ac
2383 1035 2784 1106 sanseriticae

599 1146 991 1236 plerumque
1030 1145 1345 1214 elevatam
1381 1143 1756 1222 exhibeant,
1789 1165 1888 1211 ex.
1919 1163 2116 1211 causa
2145 1152 2398 1232 ἅγ-ι-ο-ς
2431 1169 2463 1208 α
2497 1165 2681 1214 sacer
2713 1169 2780 1225 a,

599 1252 863 1344 proprie
918 1277 953 1316 α
1007 1252 1415 1321 venerandus
1471 1277 1535 1332 »,
1588 1271 1625 1318 e
1677 1250 1898 1319 radice
1943 1275 2116 1341 ρας,
2197 1251 2571 1324 sanseritice
2638 1255 2779 1341 yaj,

598 1368 912 1448 στύγ-ι-ο-ς
952 1385 985 1425 α
1016 1357 1437 1428 detestandus
1462 1383 1496 1423 »
1540 1357 1694 1446 (alia
1723 1358 2019 1446 exempla
2058 1357 2201 1426 vide
2245 1358 2420 1446 apud
2449 1357 2778 1427 Schleich.

599 1469 1089 1558 Compendium,
1141 1469 1171 1553 ἓ
1224 1466 1379 1545 217,
1442 1467 1526 1535 cf.
1601 1475 1800 1556 Bopp.
1861 1466 2381 1556 Verqleichendes
2434 1467 2790 1536 Aoeentua-

592 1579 1066 1664 tionssystem„
1116 1596 1184 1664 p.
1230 1572 1415 1661 156),
1468 1575 1640 1642 hanc
1689 1573 1828 1641 toni
1871 1573 2091 1642 sedem
2151 1595 2267 1665 pro
2319 1574 2605 1663 genuina
2667 1575 2792 1660 ha-⁸

595 1685 753 1756 bere
804 1703 1183 1774 possumus.
1223 1680 1630 1750 Sed'radicis
1673 1681 1964 1749 vocalem
2023 1688 2328 1750 accentus
2394 1681 2457 1751 vi
2498 1703 2630 1751 non
2677 1701 2789 1750 ne.-

596 1790 884 1860 cessario
917 1795 1181 1858 auctam
1210 1787 1426 1857 fu'isse'
1446 1809 1520 1855 ex
1562 1787 1790 1856 eadem
1812 1808 2022 1876 graeca
2046 1789 2255 1856 forma
2280 1795 2577 1876 στύγι-ο-ς,
2607 1810 2790 1872 sans-

596 1897 843 1967 eriticis
894 1906 1225 1987 spri9·y-a,
1294 1879 1794 1985 αὴιι-ρὶιάεὴ-ῃ-(ι
1847 1894 2304 1984 respondente,
2359 1895 2788 1987 perspicuum

596 2013 718 2076 est.
764 1997 1073 2075 Themata
1130 2004 1334 2094 igitur
1379 2001 1695 2093 primaria
1734 2022 1974 2092 ponere
2013 2001 2163 2071 licet
2205 2003 2525 2091 equibus
2571 2005 2782 2074 allatae

600 2115 828 2182 formae
880 2121 1036 2182 ortae
1102 2111 1285 2180 sint:
1334 2139 1512 2198 στυγι,
1565 2111 1794 2198 aprici,
1849 2112 2322 2199 anu-qhush-i‚
2376 2111 2512 2179 imo
2564 2112 2786 2200 kshipi

604 2222 875 2311 (tyaj-i),
910 2240 1117 2308 quum
1152 2217 1397 2286 vocalis
1433 2218 1925 2286 incrementum
1961 2216 2028 2284 in
2066 2217 2469 2286 derivatione
2509 2217 2652 2290 fieri
2679 2241 2790 2308 po·
2839 2275 2846 2280 .

599 2327 863 2394 tuerit¹.
911 2326 1146 2416 Reipsa
1182 2327 1475 2394 themata
1530 2324 1840 2416 primaria
1889 2324 2238 2393 nominum
2289 2325 2790 2422 actionis-repe·
2847 2351 2854 2400 1

598 2433 885 2514 riuntur,
920 2433 1145 2502 suffixa
1178 2436 1205 2500 i
1232 2433 1613 2515 informata,
1659 2438 1723 2502 et
1767 2431 2057 2500 radicem
2087 2454 2348 2523 puram,
2381 2440 2787 2526 accentuque

602 2541 985 2633 insignitam
1043 2540 1438 2621 exhibentia,
1500 2547 1575 2610 ut
1627 2538 2012 2610 sanseritica
2072 2543 2222 2630 lip-2‘
2275 2565 2308 2609 α
2351 2541 2677 2632 scriptura
2721 2567 2798 2628 »,.

604 2653 852 2719 krish-z'
880 2676 913 2715 «
946 2650 1113 2720 actio
1144 2649 1375 2718 arandi
1409 2675 1441 2715 υ
1481 2651 1782 2740 (cognata
1820 2670 1855 2716 e
1885 2648 2117 2716 ceteris
2159 2648 2406 2738 linguis
2441 2648 2584 2719 vide
2615 2649 2788 2741 apud

603 2757 926 2827 Schleich.
961 2759 1342 2846 Compend.,
1395 2759 1426 2843 ἓ
1469 2756 1623 2835 216,
1677 2758 1769 2844 a).
1799 2755 1983 2833 Quod
2028 2756 2096 2822 in
2123 2756 2331 2825 folma
2362 2758 2642 2847 tyaj-y-iz
2671 2779 2789 2847 pro

603 2868 767 2955 tyaj-
745 2873 857 2933 -i-cz
893 2871 978 2934 et
992 2864 1325 2935 similibus
1346 2868 1682 2943 accentus,
1712 2864 1834 2931 ut
1817 2886 1887 2932 111
1909 2862 2308 2933 derivatione
2329 2885 2501 2955 saepe
2521 2864 2616 2950 tit,
2639 2864 2794 2933 sede

604 2981 859 3093 motum
889 2950 1125 3043 fuerit
1125 2994 1258 3041 non
1288 2971 1738 3087 mirandum.
1691 2975 1714 3009 ¹

666 3137 799 3187 1.1n
820 3134 1024 3200 propria
1047 3134 1249 3199 quidem
1279 3132 1467 3197 linguae
1504 3133 1808 3188 sanseriticae
1844 3133 2151 3188 derivatione
2184 3133 2361 3197 primae
2387 3131 2586 3197 syllabae
2613 3134 2793 3185 vocalis

604 3223 704 3259 non
728 3208 945 3271 simplici
980 3213 1199 3265 tantum,
1223 3207 1310 3257 sed
1339 3206 1526 3270 duplici
1564 3206 1873 3256 incremento
1905 3205 2112 3257 vriddhi
2157 3212 2325 3256 vocato
2345 3212 2580 3271 augetur.
2611 3208 2704 3257 Sed
2735 3222 2794 3265 ea

604 3281 667 3329 de
686 3294 783 3343 qua
804 3285 1076 3329 tractamus
1097 3278 1255 3329 multo
1280 3276 1537 3341 antiquior
1556 3283 1631 3328 est
1654 3277 1794 3327 deriv
1798 3277 1913 3335 ati0,
1937 3282 2108 3365 utpote
2137 3278 2438 3329 sanseritieae
2460 3292 2576 3328 cum
2601 3280 2794 3329 sorori-

604 3352 700 3402 bus
722 3350 909 3415 linguis
936 3349 1233 3405 communis.

667 3423 715 3471 2.
751 3422 880 3473 Fieri
902 3435 1103 3484 quoque
1123 3421 1289 3484 potuit
1318 3425 1377 3469 ut
1400 3432 1430 3469 e
1462 3402 1679 3469 themate
1701 3420 1944 3482 primario
1963 3419 2018 3468 in
2040 3418 2060 3468 i
2078 3419 2350 3479 desinente,
2375 3425 2579 3471 accentu
2603 3420 2665 3471 ad
2687 3418 2792 3484 pri-

605 3495 819 3547 mariam
858 3493 1085 3545 suffixam
1124 3492 1382 3548 translato,
1421 3504 1581 3555 eaque
1622 3490 1799 3540 suffixa
1837 3491 2144 3541 incremento
2183 3490 2389 3541 vriddhi
2423 3496 2592 3565 vocato
2628 3496 2790 3549 aucta,

606 3580 695 3631 per
718 3566 949 3615 suffixam
973 3563 1335 3620 secundariam,
1355 3574 1455 3611 non
1472 3561 1577 3623 jam
1598 3560 1892 3624 simplicem,
1910 3578 1959 3621 a,
1980 3562 2066 3611 sed
2091 3561 2356 3626 duplicem,
2377 3577 2447 3626 ya
2467 3562 2580 3627 (i.)
2529 3564 2602 3625 a),
2619 3562 2796 3612 formae

607 3642 732 3687 ortae
760 3628 862 3685 sint
883 3634 1047 3699 qualis
1075 3639 1151 3684 est
1186 3634 1357 3684 vedica
1381 3632 1486 3681 vid·
1490 3631 1536 3681 α’
1538 3648 1667 3697 3]-3]α
1688 3646 1716 3681 e
1755 3632 1922 3683 radice
1944 3632 2030 3681 vid
2060 3648 2084 3679 α
2109 3633 2332 3683 invenire
2353 3649 2398 3682 a.
2435 3633 2664 3683 Formam
2681 3632 2800 3697 qui-

604 3708 719 3757 dem
743 3707 849 3757 fere
878 3706 1094 3756 similem
1117 3704 1285 3766 ‘trava'
1286 3722 1319 3771 J
1319 3720 1386 3770 Ja
1410 3718 1436 3753 e
1455 3703 1623 3753 radice
1645 3720 1711 3763 “cv
1713 3720 1744 3753 u
1767 3720 1791 3752 (ι
1815 3704 1988 3754 audire
2009 3720 2032 3752 »
2058 3703 2433 3755 Grassmannius
2463 3703 2797 3767 (Wiirterbuclz

606 3795 719 3829 zum
737 3777 990 3842 Riy-Veda
1012 3793 1052 3828 s.
1074 3778 1145 3843 v.)
1165 3792 1194 3827 a
1220 3778 1434 3828 themate
1458 3776 1695 3825 causativi
1729 3776 1937 3826 deiivat.
1960 3777 2043 3827 Vix
2082 3783 2248 3825 autem
2279 3778 2445 3826 thema
2471 3773 2612 3825 vida
2595 3793 2628 3841 J
2655 3774 2810 3840 cujus·

607 3846 838 3900 radicalis
865 3846 1047 3897 vocalis
1069 3847 1207 3896 nullo
1248 3848 1553 3897 incremento
1585 3851 1730 3895 aucta
1753 3852 1853 3913 qest,
1879 3860 1972 3910 pro
1999 3848 2218 3897 themate
2251 3846 2488 3897 causativi
2512 3846 2688 3897 haberi
2713 3860 2810 3911 {vo-⁵

612 3926 723 3971 test.
748 3920 995 3971 Ceterum
1017 3931 1074 3967 ex
1096 3916 1339 3981 ejusmodi
1372 3915 1549 3965 formis
1574 3916 1750 3967 suffixa
1773 3930 1898 3967 nova
1921 3918 2080 3966 abusu
2117 3918 2334 3981 quodam
2365 3918 2540 3969 hausta
2565 3922 2658 3975 est,
2685 3931 2800 3980 quae

608 4004 725 4041 vere
750 3990 918 4041 addita
945 3994 1020 4039 est
1062 3988 1364 4038 thematibus
1388 3987 1875 4038 denominativorum
1909 3988 2176 4039 verborum
2212 3996 2268 4038 ut
2293 3990 2345 4039 in
2381 3988 2748 4055 sprihayoe'y'ya
2772 3996 2814 4038 'e'

610 4061 778 4112 radice
816 4061 963 4126 aprile
1000 4074 1024 4109 α
1062 4074 1242 4123 cupere
1276 4076 1321 4109 n.
1348 4058 1472 4108 Cum
1497 4057 1670 4107 radice
1703 4058 2080 4109 determinativo
2101 4074 2127 4107 s
2155 4060 2397 4111 instructa
2435 4060 2664 4111 suffixam
2701 4073 2799 4109 non

604 4133 710 4195 jam
746 4140 895 4199 ᾱῃῃα,
930 4132 1017 4183 sed
1046 4146 1174 4197 eyya
1200 4131 1427 4195 junctam
1456 4129 1756 4192 reperimus,
1799 4136 1856 4179 ut
1897 4129 1949 4179 in
1979 4130 2246 4197 stusheyya
2273 4146 2302 4183 e
2339 4132 2506 4182 radice
2528 4137 2610 4183 stu
2637 4146 2662 4177 α
2690 4131 2804 4180 lau-

612 4204 817 4255 darer:
853 4219 965 4268 quae
1008 4204 1183 4253 suffixa
1220 4202 1273 4251 in
1308 4201 1492 4251 formis
1528 4200 1762 4262 genuinis
1801 4201 1948 4265 (nunc
1985 4202 2200 4266 amissis)
2235 4203 2540 4267 incremento
2574 4199 2800 4267 simplici

612 4275 801 4324 suffixae
822 4275 1073 4337 primariae
1107 4274 1128 4323 i
1154 4273 1327 4324 eodem
1352 4273 1499 4324 modo
1531 4277 1682 4335 atque
1710 4278 1843 4337 dyya
1867 4272 1990 4324 oriri
2018 4273 2198 4336 potuit.
