3234 5150
1660 417 1834 472 ...50
1873 448 1959 459 ...

718 542 890 632 apud
933 541 1230 610 Curtium
1270 564 1484 631 neque
1525 545 1701 634 apud
1729 541 2219 612 Delbruckium.
2261 542 2373 609 Hic
2402 541 2580 608 enim
2612 560 2891 630 praecep-

715 654 859 717 tum
895 657 1195 719 nostrum
1235 649 1470 718 iisdem
1498 651 1636 720 fere
1677 650 1893 718 verbis
1937 650 2176 754 e'ffatur
2211 649 2367 739 (Der
2403 649 2734 716 Gebrauch
2781 648 2893 714 des

718 758 933 848 Gonj.,
956 781 1020 849 p.
1050 759 1187 847 51),
1231 781 1467 850 parum
1501 765 1721 844 autem
1752 758 2035 827 fideliter
2067 757 2388 848 sequitur,
2421 778 2544 825 nec
2580 755 2634 823 si
2668 755 2809 846 ipse
2832 761 2898 824 et

715 865 998 947 curtim,
1021 888 1388 936 sermonem
1413 867 1528 935 diu
1559 867 1899 937 sententiis
1943 866 2114 936 inter
2144 887 2213 934 se
2248 864 2561 954 subjectis
2606 863 2898 933 caruisse

716 973 1065 1043 asserendo
1091 1027 1108 1055 ,
1148 975 1635 1065 conjunctionis
1691 982 1952 1045 tantum
2001 972 2267 1057 indicia,
2310 995 2443 1042 non
2492 972 2705 1064 ipsam
2744 993 2898 1040 con-

709 1081 1125 1172 junctionem
1173 1082 1786 1175 interpretarentur,
1831 1106 1910 1153 cx
1954 1083 2058 1151 his
2106 1081 2463 1173 praemissis
2506 1082 2899 1150 concludere

717 1190 1080 1280 potuissent
1111 1191 1512 1282 conjunctivi
1541 1198 1607 1260 et
1644 1191 1913 1282 optativi
1951 1212 2150 1261 usum
2191 1190 2623 1260 recentiorem
2660 1212 2802 1259 esse
2828 1189 2898 1257 in

718 1300 1030 1390 subjectis
1077 1323 1279 1392 quam
1313 1301 1384 1369 in
1412 1323 1529 1392 per
1557 1322 1627 1369 se
1675 1300 2001 1369 stantibus
2047 1299 2412 1380 sententiis,
2456 1307 2519 1369 et
2554 1301 2899 1390 utriusque

716 1407 849 1474 vim
898 1409 1429 1498 antiquissimam
1483 1410 1553 1476 in
1615 1408 1721 1476 his
1765 1408 2191 1500 potissimum
2232 1409 2725 1499 inquirendam.
2774 1409 2901 1477 Cur

717 1515 895 1583 enim
957 1538 1090 1584 non
1141 1517 1399 1606 primus
1458 1516 1811 1585 modorum
1868 1539 2031 1585 usus
2086 1517 2157 1586 in
2214 1517 2677 1607 conjunctione
2724 1516 2901 1585 desi-

719 1622 979 1712 gnanda
1017 1633 1319 1694 constare
1361 1624 1671 1716 potuerit,
1712 1625 1899 1694 nullo
1930 1632 2117 1716 pacto
2153 1626 2221 1693 in
2255 1625 2553 1694 animum
2590 1626 2903 1695 inducere

721 1752 916 1820 queo,
955 1731 1085 1800 nisi
1118 1732 1633 1801 existimandum
1681 1733 1766 1801 sit
1805 1733 2206 1824 conjunctivi
2246 1740 2311 1802 et
2354 1733 2623 1824 optativi
2654 1734 2903 1802 formas

719 1838 906 1928 prius
949 1839 1248 1909 inventas
1308 1841 1514 1910 fuisse
1581 1863 1783 1930 quam
1853 1840 2162 1930 subjectae
2232 1841 2569 1910 sententiae
2634 1841 2705 1908 in
2772 1863 2905 1910 scr-

720 1968 915 2015 mone
942 1999 957 2027 ,
1013 1971 1144 2016 non
1210 1948 1426 2017 solum
1487 1948 1754 2018 indiciis
1807 1949 2089 2040 propriis
2146 1948 2735 2038 distinguerentur,
2789 1950 2903 2018 sed

718 2056 987 2125 omnino
1014 2055 1388 2126 existerent.

806 2165 961 2233 Jurc
1014 2163 1215 2253 igitur
1271 2164 1524 2234 asserui
1577 2164 1985 2233 adversarios
2042 2188 2221 2236 meos
2275 2167 2452 2256 quod
2504 2174 2902 2258 praeceptum

721 2294 920 2362 supra
974 2274 1487 2342 controversiam
1535 2294 1778 2362 ponere
1814 2273 2127 2357 sustineO,
2177 2275 2395 2344 verbis
2436 2275 2728 2365 quidem,
2770 2267 2905 2342 non

722 2386 943 2447 autem
993 2401 1063 2448 re
1096 2380 1391 2470 exsequi,
1433 2381 1998 2471 quaestionemque
2027 2381 2107 2451 de
2142 2383 2485 2452 sententiis
2527 2383 2670 2474 ipso
2704 2403 2904 2451 sensu

722 2485 894 2555 inter
941 2507 1010 2555 se
1062 2488 1431 2579 conjunctis
1481 2511 1635 2557 cum
1690 2489 1805 2558 illa
1860 2489 2051 2583 longe
2106 2492 2234 2560 alia
2289 2492 2368 2560 dc
2420 2489 2905 2583 conjunctionis

722 2592 982 2662 indiciis
1012 2595 1314 2665 miscere.
1354 2597 1491 2674 Qua
1539 2584 1809 2686 quidem
1854 2597 2239 2667 confusione
2286 2598 2479 2679 nihil,
2526 2605 2601 2667 ut
2643 2598 2899 2688 opinor,

723 2695 1064 2766 exitiosius
1093 2720 1234 2767 esse
1263 2705 1499 2789 potest,
1531 2700 1635 2767 vel
1669 2707 2084 2769 enascentem
2116 2701 2300 2769 illam
2332 2701 2619 2791 syntaxis
2649 2723 2906 2792 compa·

723 2799 946 2868 rativae
971 2799 1339 2869 doctrinam
1369 2799 1438 2869 in
1473 2802 1691 2892 majus
1728 2801 2083 2873 discrimen
2115 2803 2462 2883 adducere.
