3234 5150
1304 528 1590 586 -55-

391 653 658 722 obvium
684 676 828 724 esse
854 655 1112 725 videtur
1145 677 1350 746 quam
1381 658 1570 727 illam
1598 657 1858 726 literam
1892 685 1929 726 κ
1976 678 2131 724 cum
2168 657 2397 725 eadem
2432 678 2569 747 per-

389 759 543 831 fecti
577 763 776 854 primi
829 765 1150 845 conferre,
1189 772 1254 834 et
1289 766 1645 857 conjicere,
1685 787 1885 856 quam
1936 763 2470 832 informationem
2500 764 2571 831 in

388 869 808 960 paucissimis
845 870 1108 942 aoristis
1144 874 1508 944 adhibitam
1541 874 1937 965 reperimus,
1970 894 2117 942 eam
2165 871 2470 941 universe
2491 871 2573 940 ad

387 977 885 1070 exprimendum
929 984 1292 1072 perfectum
1345 985 1911 1053 accommodatam
1962 1004 2129 1052 esse.
2170 984 2317 1051 Jam
2358 982 2573 1051 forma

385 1097 592 1174 τέτηκα
620 1111 766 1180 quaa
790 1091 908 1181 p'ro
942 1091 1230 1180 perfecto
1261 1093 1549 1162 secundo
1579 1093 1883 1173 hahetur,
1919 1096 2145 1182 utpote
2174 1091 2255 1160 ad
2290 1085 2571 1180 graecam

386 1195 724 1287 praesentis
771 1199 1053 1267 formam
1099 1208 1280 1285 τήκ-ω·
1321 1201 1552 1282 relata,
1602 1222 1720 1291 pro
1755 1201 2042 1291 perfecto
2084 1199 2299 1290 primo
2347 1198 2573 1268 haberi

385 1305 590 1396 possit
641 1306 697 1376 si
737 1307 980 1376 radicis
1011 1308 1485 1400 simpliciorem
1515 1309 1799 1377 formam
1847 1317 1915 1376 ιᾶ
1953 1307 2023 1375 in
2049 1306 2273 1375 lati-nis
2303 1306 2575 1375 vocibus

385 1415 607 1496 ta-beS,
661 1416 931 1497 ta-bum,
981 1416 1324 1507 respicias.
1369 1414 1554 1496 Quod
1607 1422 1829 1484 autem
1882 1415 2187 1508 plurimae
2238 1414 2491 1484 radices
2540 1436 2577 1482 a

384 1521 628 1611 quihus·
653 1524 1022 1614 perfectum
1062 1523 1133 1592 in
1173 1553 1248 1593 κα
1280 1524 1584 1593 desinens
1614 1523 1993 1628 deducitur,
2028 1522 2098 1591 in
2138 1522 2343 1592 nulli-s
2394 1521 2569 1603 aliis,

292 1663 303 1672 ·
387 1630 520 1699 sive
576 1631 899 1721 ejusdem,
947 1633 1082 1702 sive
1131 1633 1414 1702 aliarum
1471 1632 1853 1723 linguarum
1915 1631 2174 1712 formis,
2220 1630 2482 1699 literam
2540 1657 2579 1700 κ

386 1737 718 1818 exhibent,
741 1741 868 1809 hoc
887 1746 1116 1808 contra
1140 1739 1546 1830 propositam
1576 1739 2183 1831 interpretationem
2216 1759 2454 1830 parum
2474 1761 2577 1806 va·

385 1845 644 1914 let.Imo
663 1869 797 1914 non
813 1847 1185 1937 legitimum
1215 1848 1290 1915 fit
1314 1855 1426 1917 aut
1453 1869 1570 1938 per
1599 1868 1671 1916 se
1694 1853 1867 1916 stare
1894 1846 2127 1937 incipit
2155 1869 2398 1915 novum
2419 1852 2577 1914 tem=

384 1953 586 2045 poriS,
619 1954 878 2042 classiS‚
898 1963 1022 2025 cet.
1055 1956 1344 2046 signum,
1377 1955 1507 2025 nisi
1536 1978 1572 2024 e
1599 1955 1833 2024 formis
1858 1955 1972 2024 ubi
2000 1957 2367 2046 genuinum
2393 1962 2493 2024 est
2512 1962 2577 2024 et

383 2062 738 2153 genuinam
793 2063 1341 2154 significationem
1385 2063 1729 2133 difficilius
1781 2062 2121 2153 relinquit,
2168 2062 2567 2132 translatum

381 2172 506 2241 erit
527 2171 608 2241 ad
634 2171 799 2240 alias
834 2172 903 2240 in
934 2171 1176 2263 quibus
1198 2155 1380 2242 novae
1405 2177 1666 2241 tantum
1697 2178 1917 2263 partes
1946 2172 2007 2240 ei
2040 2169 2377 2261 explendae
2409 2170 2567 2240 sint⁶

381 2279 483 2348 Sic
509 2302 674 2350 nova
704 2280 1046 2371 praesentis
1077 2279 1458 2350 informatio
1489 2279 1558 2348 in
1589 2289 1687 2362 ιζω
1708 2303 1826 2370 pro
1864 2281 2068 2371 23-(j)0›
2099 2302 2233 2348 non
2259 2279 2328 2346 in
2360 2285 2575 2359 ἐλπίζω

380 2408 496 2478 pro
534 2389 852 2480 ἐλπιδ-(])ω
899 2388 1186 2458 discerni
1243 2396 1501 2480 potest:
1551 2389 1641 2457 in'
1668 2391 1855 2458 ἐλπιέ-
1896 2389 2035 2479 (])ω
2076 2385 2253 2456 enim
2306 2386 2500 2456 litera
2542 2393 2574 2454 δ

380 2496 663 2587 genuina
721 2503 843 2579 est,
897 2505 962 2566 et
1009 2497 1327 2566 nominali
1369 2497 1641 2566 themati
1702 2503 1894 2566 ἐλπιδ-
1925 2495 2292 2564 referenda.
2354 2496 2573 2575 Quum

381 2612 600 2675 autem
662 2606 1004 2697 praesentis
1065 2614 1396 2696 λογίζομαι,
1463 2628 1561 2675 ex.
1632 2627 1863 2687 causa,
1933 2626 1969 2673 e
2031 2605 2319 2673 themate
2373 2610 2567 2693 λογοη

381 2713 619 2783 similis
670 2715 1011 2806 explicatio
1079 2714 1220 2785 fieri
1273 2738 1405 2785 non
1465 2714 1703 2807 possit,
1772 2714 1841 2783 in
1896 2715 2021 2783 hoc
2064 2736 2213 2783 vere
2268 2733 2434 2782 nova
2508 2720 2573 2782 et

379 2823 668 2914 legitima
709 2824 1037 2914 (quamvis
1077 2847 1152 2894 ex
1194 2823 1492 2915 analogia
1527 2825 1695 2914 orta)
1730 2823 2110 2892 informatio
2162 2821 2565 2912 agnoscitur.

408 2976 437 2986 -·
467 2934 675 3011 Quam
717 2940 937 3002 autem
971 2933 1173 3003 affero
1213 2932 1482 3025 perfecti
1511 2932 1707 3024 graeci
1752 2931 1821 3000 in
1863 2960 1937 3001 κα
1978 2931 2338 3002 desinentis
2368 2929 2570 3020 expli-

378 3039 728 3122 cationem,
767 3062 911 3111 eam
953 3042 1353 3133 jamdudum
1382 3041 1645 3111 Curtius
1692 3041 2114 3132 (Grundzitqe
2162 3041 2281 3107 der
2317 3040 2563 3129 macch,

375 3149 621 3239 Etym„
662 3148 731 3218 in
769 3157 987 3241 quart.
1044 3150 1147 3220 ed.
1201 3173 1267 3242 p.
1325 3152 1438 3243 64)
1493 3156 1558 3218 et
1617 3148 1995 3218 Schleicher
2038 3145 2563 3238 (Compendium,

376 3258 578 3348 3500)
612 3266 1119 3349 proposuerunt.
1153 3260 1224 3327 In
1255 3258 1484 3328 eadem
1521 3255 1844 3327 sententia
1872 3276 2261 3347 permanere
2291 3276 2360 3323 se
2386 3252 2571 3345 prior

375 3364 644 3455 quidem
669 3368 868 3436 etiam
897 3390 1074 3436 nunc
1099 3368 1446 3460 profitetur
1480 3368 1641 3457 (Das
1678 3366 1953 3433 Verbum
1982 3367 2102 3433 der
2124 3363 2569 3455 qriechischen

378 3475 690 3563 Sprache,
716 3475 788 3555 Π,
809 3498 874 3566 p.
907 3474 1091 3567 205),
1115 3498 1262 3545 eam
1293 3483 1513 3545 autem
1544 3474 1635 3543 ita
1666 3470 1935 3544 definire
1963 3480 2037 3541 ut
2064 3471 2325 3540 literam
2351 3500 2389 3539 κ
2412 3490 2565 3539 cum

377 3581 764 3674 insequente
796 3585 1006 3655 vocali
1040 3586 1121 3655 ad
1160 3586 1469 3655 suffixam
1497 3580 1897 3676 particulam
1927 3587 2207 3665 revocet.-
2242 3579 2378 3657 Qua
2421 3578 2572 3647 defi-

375 3690 624 3761 nitione
657 3693 887 3763 doctus
925 3682 1027 3762 vir
1065 3694 1501 3785 quaestionem
1553 3691 1805 3761 solvere
1848 3689 2109 3759 videtur
2152 3687 2231 3756 de
2284 3685 2563 3775 origine,

377 3820 509 3868 non
539 3799 1196 3870 determinativorum
1228 3800 1499 3891 quidem
1539 3800 1608 3867 in
1652 3798 2064 3875 universum,
2110 3794 2222 3863 sed
2268 3792 2567 3861 determi-

373 3908 576 3977 nativi
621 3916 796 3978 certe
834 3934 896 3977 κ.
943 3906 1226 3977 Literam
1266 3907 1445 3979 enim
1489 3934 1528 3975 κ
1574 3903 2228 3974 determinativorum
2274 3896 2575 3969 'similem-

370 4033 537 4101 esse,
588 4020 645 4089 si
694 4020 920 4088 minus
963 4010 1010 4087 e'
1047 4017 1280 4111 graecis
1323 4016 1576 4097 aoristi,
1626 4012 1923 4107 perfecti,
1986 4012 2221 4083 ceteris
2264 4016 2283 4050 ¹
2332 4010 2567 4080 formis

371 4116 798 4219 perspicuum
821 4132 944 4209 est,
972 4122 1217 4219 quippe
1237 4147 1384 4217 quae
1409 4146 1639 4195 omnes
1662 4144 1807 4193 eam
1832 4122 2043 4193 vocali
2074 4120 2566 4191 antecedentem

373 4232 746 4317 exhibeant,
783 4256 862 4304 ex
900 4233 1213 4304 affinibus
1243 4231 1486 4302 aoristo
1505 4236 1713 4318 ἔθηκα,
1736 4228 2139 4311 cet.,formis
2170 4233 2245 4296 ut
2275 4227 2563 4315 fac-tu-s,·

433 4453 480 4573 i..
517 4480 610 4535 llas
631 4476 744 4533 vide
767 4474 898 4545 apud
923 4476 1154 4532 Curtium
1179 4477 1296 4544 (Das
1332 4470 1557 4541 Verbum,
1581 4495 1633 4543 p.
1662 4476 1793 4544 ⁶206),
