3234 5150
1675 463 1955 517 ,76-

724 594 865 661 fieri
898 613 1272 670 monemur,
1302 592 1416 660 ubi
1444 612 1521 660 ex
1557 590 1827 679 antiqua
1853 589 2204 678 praecipua,
2227 609 2393 655 nova
2427 586 2521 661 fit,
2555 591 2618 652 et
2639 605 2712 652 ea
2743 583 2901 652 sub-

715 702 890 789 jecta
921 700 1263 768 sententia.

814 808 1125 896 Exempla
1178 815 1333 874 sunt
1381 805 1824 895 posteriorum
1873 806 2048 872 haud
2095 802 2616 870 necessariarum
2667 799 2908 886 quihus

724 915 1077 983 consilium
1115 914 1511 991 declaratur,
1550 912 1962 989 samaritica,
1993 951 2075 962 -
2105 932 2260 978 cum
2297 907 2710 997 conjunctiva
2760 927 2896 994 par-

722 1023 923 1090 ticula
966 1024 1012 1098 l,
1064 1022 1215 1106 114,
1280 1021 1344 1099 1,
1412 1023 1566 1087 ἰιηᾱ’
1612 1021 2014 1108 rudra'ya...
2057 1026 2187 1107 prd
2233 1017 2632 1084 bharc'tmahc
2680 1013 2904 1079 mati'h

726 1169 808 1180 —
865 1132 1065 1217 ῃάίΙιῐι
1123 1135 1266 1212 ςάιη
1310 1130 1475 1194 άεαά
1523 1129 1804 1215 dvipdde
1839 1128 2269 1214 cdtushpade,
2326 1149 2359 1186 «
2397 1123 2521 1190 Has
2585 1121 2898 1187 Rudrae...

730 1237 1076 1306 offerimus
1120 1258 1345 1326 preces
1381 1242 1455 1303 ut
1493 1237 1704 1304 faveat
1730 1236 2102 1325 bipedibus,
2138 1219 2675 1324 quadrupedibus
2715 1258 2781 1307 »;
2826 1270 2904 1279 —

724 1367 875 1414 cum
908 1344 1297 1435 pronomine
1329 1342 1600 1411 relativo
1632 1345 1727 1421 IX,
1775 1343 1884 1422 86,
1923 1345 2028 1420 18,
2051 1343 2112 1408 (ι’
2143 1344 2278 1408 nah
2321 1365 2502 1408 soma
2545 1391 2780 1405 .......
2811 1342 2909 1426 pi-

716 1456 1029 1540 pyztshim
1055 1455 1268 1518 iaham
1399 1460 1695 1538 pdvasva
1726 1503 1855 1516 .....
1889 1456 1994 1539 yt’z'
2015 1474 2100 1517 no
2125 1453 2360 1516 dolente
2517 1452 2900 1534 suvf'ryam,

727 1581 759 1616 «
797 1555 1020 1632 Nobis,
1068 1577 1105 1620 o
1152 1556 1372 1632 Soma,
1427 1553 1734 1642 inflatum
1791 1552 2190 1620 heneficium
2236 1552 2440 1619 funde
2467 1551 2655 1640 quod
2713 1549 2902 1617 nobis

722 1661 923 1730 stillet
950 1662 1241 1751 vigorem
1278 1688 1309 1723 »
1332 1685 1348 1739 ;
1372 1700 1452 1710 -
1485 1682 1717 1748 graeca,
1739 1700 1822 1710 —
1859 1683 2011 1728 cum
2042 1659 2456 1747 conjunctiva
2486 1657 2806 1747 particula
2835 1665 2900 1734 Z,

722 1769 876 1844 565,
912 1777 1017 1838 Καὶ
1048 1777 1156 1857 γὰρ
1185 1775 1329 1854 ἐγὼν
1381 1771 1585 1835 οἶκόνδ’
1630 1775 2015 1850 ἐσελεύσομαι,
2050 1773 2188 1855 ’ὁσρα
2222 1773 2420 1850 ἴδωμαι
2461 1773 2656 1848 οἰκῆας
2693 1771 2903 1850 ἄλοχόν

718 1905 779 1943 τε
808 1884 997 1960 φίλην,
1041 1915 1123 1925 -
1160 1897 1312 1942 cum
1343 1875 1739 1963 pronomine
1768 1874 2039 1942 relativo
2069 1904 2132 1952 σ,
2177 1874 2286 1951 84,
2321 1883 2531 1958 Πέμψω
2575 1871 2622 1940 σ’
2643 1878 2903 1958 ἤπειρόν-

720 1988 805 2065 δε,
846 1989 1036 2064 βαλὼν
1082 1991 1139 2051 ἐν
1171 1982 1260 2066 νηῒ
1293 1989 1555 2072 μελαίνῃ,
1614 1989 1697 2060 εἰς
1731 1979 1965 2068 Ἔχετον
2013 1979 2256 2064 βασιλῆα
2425 1988 2486 2058 ὅς
2536 1988 2590 2048 κ’
2621 1984 2727 2046 ἀπὸ
2777 1985 2904 2066 ῥῖνα

715 2098 943 2180 τάμῃσι.

809 2198 877 2262 ln
910 2197 1015 2265 his
1042 2203 1107 2266 et
1123 2198 1365 2266 talibus
1389 2197 1707 2285 exemplis
1737 2197 1945 2265 ambae
1974 2197 2242 2286 quidem
2264 2194 2622 2273 sententiae,
2641 2194 2901 2262 etiamsi

726 2310 1073 2394 utramque
1101 2327 1218 2394 per
1242 2327 1320 2373 -se
1355 2310 1527 2372 stare
1558 2305 1848 2390 finxeris,
1883 2305 2159 2394 intelligi
2189 2311 2519 2392 poterunt.
2552 2305 2649 2370 An
2679 2312 2899 2371 autem

719 2413 978 2479 consilii
1014 2421 1128 2482 aut
1166 2413 1318 2482 finis
1364 2413 1721 2484 declaratio
1759 2433 1794 2480 e
1830 2435 2013 2480 mera
2045 2412 2402 2480 voluntatis
2447 2412 2711 2479 notione
2757 2419 2898 2481 orta

720 2518 827 2599 sit,
866 2520 1052 2588 valde
1078 2520 1329 2590 dubito.
1366 2521 1550 2599 Quod
1586 2521 1656 2589 in
1688 2519 2086 2589 sanseriticis
2124 2519 2441 2610 exemplis
2470 2519 2756 2608 precatio
2786 2542 2898 2610 po-

720 2626 854 2695 tius
875 2651 1075 2717 quam
1096 2630 1449 2698 voluntatis
1470 2630 1827 2698 declaratio
1849 2629 2201 2717 quaerenda
2221 2628 2476 2702 fuisset,
2499 2628 2622 2694 hoc
2637 2628 2906 2706 omitt0,·

719 2756 800 2801 ne
832 2735 899 2802 in
936 2735 1449 2825 disputationem
1483 2761 1630 2828 quae
1658 2740 1795 2827 jam
1823 2758 2032 2825 quum
2069 2737 2146 2803 de
2178 2736 2527 2825 praecipuis
2558 2736 2897 2804 sententiis

717 2841 1001 2910 dicerem
1021 2844 1319 2913 absoluta
1335 2853 1435 2912 est
1446 2868 1680 2912 rursus
1704 2843 2104 2911 incidam.At
2118 2843 2432 2910 exeadem
2454 2843 2896 2932 disputatione
2967 2905 2978 2918 ,

718 2948 1169 3026 manifestum,
1198 2956 1272 3017 ut
1292 2952 1549 3039 opinor,
1579 2951 1830 3018 factum
1859 2955 1980 3028 est,
2009 2949 2360 3016 voluntatis
2390 2949 2894 3017 declarationem

713 3055 913 3122 variis
950 3056 1282 3124 coloribus
1310 3059 1505 3145 vulgo
1542 3057 1888 3146 distingui,
1927 3064 2039 3124 aut
2065 3056 2284 3144 potius
2315 3056 2664 3124 voluntatis
2692 3059 2898 3125 notio-

713 3185 865 3230 nem
915 3164 1303 3252 precationi‚
1357 3164 1740 3241 hortationi,
1782 3164 2112 3232 similibus
2147 3170 2382 3232 natura
2421 3165 2653 3239 inesse,
2694 3187 2892 3232 merae

712 3277 931 3336 autem
955 3270 1310 3337 voluntatis
1332 3272 1581 3339 notioni
1602 3272 2043 3360 exprimendae
2063 3271 2308 3347 locum,
2333 3272 2693 3359 praesertim
2716 3272 2890 3360 apud

708 3376 961 3463 priscos
992 3376 1315 3453 homines,
1354 3378 1457 3445 vix
1491 3379 1707 3445 ullum
1739 3378 1967 3446 fuisse.
2004 3381 2087 3446 De
2118 3379 2392 3446 consilio
2417 3379 2620 3467 igitur
2651 3380 2889 3446 iterare

705 3481 1050 3570 licetquod
1086 3484 1164 3549 de
1194 3485 1594 3572 precatione,
1631 3486 2026 3561 hortatione,
2062 3488 2280 3576 jussu,
2313 3486 2729 3576 cet.‚dictum
2760 3495 2880 3573 est,

710 3589 919 3656 multo
952 3590 1169 3679 aptius
1211 3590 1402 3657 illum
1447 3614 1717 3659 sensum
1752 3615 1871 3683 pro
1909 3592 2368 3682 antiquissimo
2401 3594 2650 3669 haberi,
2685 3615 2883 3681 quam

706 3716 741 3761 a
773 3718 953 3764 mera
984 3698 1339 3766 voluntatis
1369 3700 1810 3767 declaratione
1842 3700 2076 3768 deduci
2110 3722 2320 3788 posse.

794 3804 886 3870 Ad
927 3805 1345 3893 posteriores,
1390 3812 1453 3873 et
1497 3828 1607 3873 eas
1646 3807 1824 3874 haud
1868 3808 2272 3875 necessarias
2315 3808 2668 3875 sententias
2701 3813 2881 3874 tran-

703 3910 938 3987 simus,
975 3912 1214 3999 quibus
1247 3913 1523 3980 actionis
1555 3922 1879 3982 secuturae
1914 3914 2093 3982 notio
2127 3917 2317 3984 inest.
2381 3916 2758 4004 Exemplum
2786 3925 2885 3983 est

701 4040 736 4086 e
769 4040 978 4107 graeca
1017 4020 1266 4107 lingua,
1304 4042 1455 4087 cum
1489 4022 1906 4109 conjunctiva
1936 4022 2255 4109 particula
2295 4047 2326 4085 «
2367 4022 2572 4089 donec
2611 4048 2642 4085 »
2682 4024 2882 4111 signi-

702 4126 938 4193 ficant-e
973 4149 987 4191 z
1022 4137 1095 4201 A,
1139 4125 1245 4193 82.
1290 4124 1476 4193 Ἀλλά
1507 4156 1567 4195 τε
1601 4134 1695 4194 καὶ
1728 4133 2050 4211 μετόπισθεν
2084 4136 2202 4216 ἔχει
2233 4140 2418 4211 κότον,
2451 4136 2590 4217 ’ὀφρα
2616 4137 2876 4220 τελέσσῃ.

700 4231 813 4298 Hic
861 4231 1290 4298 Delbruckius
1339 4234 1836 4320 conjunctivum
1885 4234 2383 4322 exspectationis
2427 4236 2711 4323 reperire
2754 4236 2874 4301 sihi

704 4335 999 4415 videtur,
1050 4359 1245 4425 quem
1298 4339 1674 4426 proximum
1722 4340 1944 4408 futuro
1992 4363 2136 4410 esse
2186 4343 2325 4430 jam
2389 4342 2708 4420 vidimus,
2759 4365 2878 4411 nec
