3234 5150
1334 411 1648 466 —109-

467 535 544 601 At
564 556 772 622 quum
788 533 869 602 de
884 535 1338 622 antiquissima
1355 539 1724 606 thematum
1745 540 2040 630 ipsorum
2053 543 2115 609 vi
2136 542 2546 632 disputemus
2557 594 2572 621 ,

397 639 683 708 dubitari
713 647 923 731 potest
949 664 1029 708 an
1061 641 1249 710 nobis
1275 642 1468 712 liceat
1493 666 1724 713 eorum
1760 652 2076 715 sensuum
2113 648 2436 718 rationem
2470 652 2577 718 ha-

393 745 547 814 bere
568 747 681 836 qui
703 769 738 814 e
760 747 1059 825 flexione,
1077 770 1208 816 non
1227 751 1563 820 ethemate
1582 751 1866 843 pendere
1891 754 2258 824 videantur.
2275 757 2580 826 Animad-

390 855 782 922 vertendum·
808 863 906 924 est
952 863 1173 938 tamen
1221 857 1798 928 terminationibus
1833 883 2109 930 casuum
2145 864 2407 952 signum
2434 872 2577 933 tan-

390 968 532 1029 tum
558 960 1091 1039 constructionis,
1127 984 1260 1031 non
1292 966 1850 1034 constructionem
1883 968 2094 1059 ipsam
2133 970 2330 1047 effici,
2365 993 2576 1060 neque

390 1090 706 1138 sensuum
737 1069 1179 1138 diversitatem
1224 1071 1395 1140 inter
1424 1082 1725 1142 concreta
1757 1082 1820 1143 et
1849 1077 2173 1145 abstracta
2204 1079 2574 1146 nomina·ex

390 1197 620 1244 eorum
664 1175 1145 1246 constructione
1203 1179 1389 1257 oriri,
1452 1180 1567 1249 sed
1635 1203 1864 1249 eorum
1914 1183 2486 1252 constructionem
2535 1207 2571 1253 e

392 1305 709 1352 sensuum
743 1283 1155 1364 diversitate;
1197 1285 1285 1353 ita
1334 1294 1431 1364 ut,
1491 1287 1591 1355 vel
1623 1288 2013 1378 priusquam
2062 1291 2251 1359 flexio
2311 1291 2576 1380 inventa

393 1399 585 1470 esset,
638 1392 935 1461 diversus
964 1393 1100 1482 jam
1137 1393 1487 1484 utriusque
1519 1395 1868 1464 nominum
1909 1399 2167 1486 generis
2223 1421 2384 1480 usus
2427 1421 2572 1470 esse

392 1499 699 1588 potuerit.
756 1501 920 1568 Ante
964 1500 1140 1568 enim
1196 1524 1397 1591 quam
1452 1524 1645 1571 casus
1702 1503 2164 1574 terminatione
2213 1505 2570 1596 distingue-

390 1613 640 1684 rentur,
697 1607 936 1697 duplex
976 1607 1114 1695 jam
1155 1608 1258 1676 lex
1313 1611 1908 1680 construendorum
1964 1613 2314 1681 nominum
2365 1614 2492 1681 fuit
2549 1639 2564 1682 :

386 1735 621 1804 nempe
658 1722 732 1782 ut
763 1714 1190 1806 praedicatum
1242 1739 1395 1784 cum
1445 1718 1740 1807 subjecto
1793 1727 2205 1808 congrueret,
2254 1727 2316 1788 et
2359 1722 2568 1810 objec-

386 1825 529 1886 tum
564 1842 600 1889 e
633 1820 981 1911 praedicato
1019 1822 1350 1911 penderet.
1389 1823 1475 1892 De
1526 1846 1657 1912 quo
1700 1825 2155 1894 testimonium
2186 1833 2570 1922 praestarent

386 1928 744 2018 composita
761 1928 1109 2018 utriusque
1136 1931 1393 2018 generis
1428 1931 1779 2000 innumera
1799 1935 1844 2011 ¹,
1869 1933 1923 2001 si
1955 1935 2093 2002 haec
2123 1934 2564 2024 indoeuropaei

387 2036 711 2104 sermonis
738 2043 1022 2114 tantum,
1074 2058 1205 2104 non
1256 2036 1475 2126 potius
1521 2039 1760 2108 mentis
1801 2041 2110 2107 humanae
2144 2040 2248 2108 lex
2279 2047 2472 2109 esset.
2519 2039 2566 2108 E

385 2144 704 2212 concretis
720 2144 1127 2224 nominibus,
1150 2165 1295 2234 quae
1312 2145 1450 2213 sola
1467 2145 1576 2214 hic
1595 2147 2013 2237 respicimus,
2036 2147 2103 2215 id
2128 2155 2225 2216 est
2255 2147 2568 2237 adjectiva

384 2251 486 2320 vel
504 2252 871 2343 participia,
906 2274 1039 2321 non
1068 2251 1209 2343 ipsa
1234 2274 1351 2342 per
1380 2276 1470 2333 se,
1501 2262 1564 2323 et
1586 2254 1832 2324 directa
1870 2256 2155 2346 quadam
2178 2257 2454 2334 ratione,
2483 2257 2564 2324 ab

382 2360 586 2429 altero
606 2361 953 2450 praedicato
978 2361 1260 2450 pendere
1280 2369 1600 2452 poterant,
1629 2363 1740 2430 sed
1767 2362 1952 2452 prius
1973 2370 2196 2453 utpote
2217 2363 2563 2454 praedicata

383 2490 537 2537 cum
573 2470 865 2559 subjecto
904 2476 1018 2537 aut
1045 2470 1298 2560 objecto
1334 2470 1620 2559 quodam
1675 2471 1994 2540 debebant
2033 2494 2416 2562 congruere.
2450 2473 2564 2542 Νο3

378 2578 559 2646 mina
590 2585 811 2646 autem
840 2578 1188 2654 abstracta,
1221 2596 1440 2667 quum·
1462 2600 1658 2647 sensu
1704 2580 2041 2669 adjectivis
2077 2589 2140 2650 et
2165 2582 2556 2673 'participiiS,

376 2692 441 2754 et
490 2686 635 2754 ideo
690 2686 866 2754 haud
924 2706 1111 2754 secus
1162 2692 1357 2775 atque
1409 2685 1523 2755 illa
1577 2687 1794 2756 verbis
1856 2688 2161 2779 propiora
2209 2697 2448 2768 essent,
2494 2689 2562 2757 id

375 2794 473 2858 est
516 2790 757 2859 radicis
802 2811 1071 2858 sensum
1121 2789 1451 2879 integrum
1501 2792 1928 2861 servavissent
1980 2799 2044 2860 et
2094 2794 2427 2884 praedicati
2461 2793 2562 2861 'vi-

374 2920 519 2987 cem
571 2904 834 2989 possent
870 2898 1152 2987 explere,
1196 2898 1685 2967 constructione
1721 2907 1946 2968 tamen
1985 2901 2411 2969 substantivis
2450 2922 2560 2991 ap-

374 3006 723 3096 pellativis,
750 3029 869 3097 pro
900 3006 1191 3094 subjecto
1224 3013 1337 3074 aut
1370 3007 1625 3095 objecto
1671 3008 2033 3098 usurpatis,
2069 3006 2310 3075 'similia
2341 3015 2548 3076 erant.

371 3112 463 3180 Ex
506 3114 589 3182 iis
641 3114 843 3203 igitur
868 3114 1057 3202 quasi
1100 3113 1525 3203 praedicatum
1572 3114 1766 3183 fiebat
1812 3136 1889 3183 ex
1935 3114 2138 3183 altero
2175 3114 2550 3205 praedicato,

372 3229 511 3303 aut,
559 3230 634 3291 ut
674 3221 823 3290 aliis
852 3222 1067 3291 verbis
1111 3229 1285 3300 utar,
1332 3222 1605 3306 actionis
1643 3229 1757 3291 aut
1795 3222 2130 3313 qualitatis
2180 3212 2451 3311 signum
2476 3244 2555 3291 ex

372 3334 574 3401 altero
602 3331 879 3417 actionis
905 3337 1020 3399 aut
1048 3316 1383 3420 qualitatis
1418 3330 1629 3421 sign0,
1675 3331 1920 3400 directa
1949 3331 2200 3399 ratione
2228 3330 2554 3427 etobjecti

370 3439 580 3508 instar
617 3439 905 3530 pendens
943 3462 957 3505 ε
1007 3440 1315 3529 quaesere
1350 3441 1698 3508 modorum
1752 3462 1914 3508 usus
1949 3439 2300 3529 descriptio
2344 3444 2442 3507 est
2484 3438 2570 3507 in'

370 3547 707 3617 sententiis
740 3569 818 3615 ex
850 3536 1054 3615 altera
1092 3546 1547 3637 pendentibus.
1584 3548 1716 3616 Hoc
1763 3548 1935 3617 inter
1969 3553 2271 3616 concreta
2311 3553 2374 3615 et
2401 3547 2554 3614 ‘abs-

367 3662 569 3725 tracta
639 3655 906 3724 nomina
977 3654 1332 3723 discrimen
1388 3678 1522 3724 non
1578 3662 1788 3747 potest
1834 3655 1916 3724 ad
1961 3654 2303 3723 flexionem
2347 3661 2422 3723 ut
2469 3656 2552 3723 ad

366 3786 633 3833 causam
664 3763 917 3842 referri,
953 3784 1159 3852 quum
1194 3764 1539 3853 utriusque
1567 3764 1826 3853 generis
1855 3764 2042 3831 flexio
2068 3784 2200 3831 una
2225 3770 2290 3831 et
2322 3762 2547 3830 eadem

368 3873 474 3951 sit,
510 3872 623 3941 sed
665 3878 876 3958 totum
921 3870 1004 3937 ad
1048 3872 1440 3950 thematum,
1493 3878 1607 3940 aut
1651 3870 1934 3961 primam
1982 3869 2574 3946 informatione1n,'

366 3986 480 4047 aut
499 3985 825 4071 posteram
844 3975 1263 4067 partitionem
1288 3984 1387 4047 est
1414 3978 1854 4048 referendum.
1882 3976 2300 4047 Efficiebatur
2326 3982 2546 4045 autem

424 4240 469 4289 1.
506 4238 575 4289 Cf.
603 4234 893 4300 Bergaigne‚
922 4234 1069 4285 Essai
1095 4249 1183 4284 sur
1218 4234 1271 4285 la
1304 4236 1642 4288 construction
1679 4233 2076 4303 yrammaticale,
2103 4262 2166 4275 ---
2192 4235 2446 4287 Memoires
2483 4226 2546 4285 de

360 4312 414 4361 la
430 4312 619 4363 Socidte
642 4309 705 4359 de
722 4302 1068 4373 linquistique,
1096 4307 1182 4365 111,
1209 4323 1258 4372 p.
1290 4308 1368 4358 22.
