3234 5150
1530 419 1812 474 ..(38.-

583 545 944 636 optativum
989 545 1059 613 in
1097 545 1320 614 vedica
1350 552 1609 614 tantum
1656 553 1722 615 et
1759 545 1828 612 in
1861 565 2070 633 graeca
2100 541 2324 634 lingua
2375 543 2574 611 simul
2626 565 2757 611 scr—

583 662 759 722 vatos
787 653 1060 743 reperiri
1102 677 1115 719 :
1168 653 1237 721 in
1272 653 1529 731 ceteris,
1586 661 1701 724 aut
1743 654 1959 729 ambe,
1992 651 2167 741 quod
2198 652 2268 718 in
2299 652 2498 719 latina
2533 652 2756 740 lingua

583 761 965 852 agnovimus
1029 762 1131 851 (p.
1197 763 1356 851 14),
1419 762 1508 830 ita
1570 762 1808 829 mixtos
1862 782 2003 829 csse
2076 766 2150 827 ut
2211 782 2342 827 uno
2398 759 2662 827 nomine
2719 781 2755 826 a

582 869 1028 958 grammaticis
1070 868 1592 957 designarentur,
1649 875 1762 935 aut
1789 890 1825 936 e
1856 868 2111 935 duobus
2141 889 2376 944 unum,
2418 869 2486 934 in
2539 867 2757 934 hiber-

583 974 728 1042 nica
760 975 1028 1064 quidem
1074 974 1300 1063 lingua
1342 974 1860 1062 conjunctivuin·,
1915 973 1983 1038 in
2014 973 2432 1060 germaniciS‚
2468 971 2750 1047 slavicis,

580 1080 820 1148 letticis
877 1087 1095 1150 autem
1154 1079 1539 1171 optativum,
1587 1079 1919 1176 reliquum
1963 1101 2127 1148 csse.
2185 1080 2313 1148 Hoc
2357 1085 2576 1148 autem
2626 1101 2756 1146 non

582 1191 724 1257 tieri
788 1191 999 1278 potuit
1072 1189 1200 1256 nisi
1261 1188 1481 1256 mixtis
1554 1187 1855 1256 sensibus
1934 1189 2129 1256 variae
2191 1187 2420 1255 formae
2491 1185 2757 1255 inutiles

580 1297 733 1365 visae
782 1303 957 1365 sunt.
1008 1295 1129 1375 Qui
1178 1295 1377 1383 igitur
1426 1301 1724 1362 notatum
1764 1295 1832 1362 in
1883 1317 2090 1384 graeca
2136 1295 2362 1384 lingua
2402 1295 2756 1363 discrimen

580 1403 819 1492 linguae
847 1402 1146 1491 genitrici
1181 1401 1489 1478 vindicat,
1536 1423 1745 1468 unum
1778 1409 1841 1469 et
1874 1401 2049 1470 idem
2091 1401 2544 1470 testimonium
2595 1409 2758 1470 cete-

580 1510 673 1578 ris
716 1510 1022 1578 omnibus
1055 1517 1119 1577 et
1161 1507 1242 1575 iis
1288 1508 1514 1576 multis
1553 1508 1912 1599 anteponit.
1949 1510 2083 1575 Iino
2113 1509 2566 1577 testimonium
2609 1511 2758 1598 jure

580 1627 985 1709 suspectum,
1038 1639 1246 1706 quum
1298 1616 1466 1684 nihil
1515 1617 1937 1685 verisimilius
2008 1616 2236 1686 haberi
2283 1618 2487 1707 possit
2558 1640 2756 1706 quam

574 1725 814 1815 linguae
838 1746 1063 1816 graecae
1106 1724 1175 1790 in
1217 1724 1569 1792 excolendo
1600 1724 1994 1814 patrimonio
2036 1727 2211 1815 quod
2242 1748 2277 1794 a
2315 1726 2626 1815 genitrice
2657 1749 2758 1794 ac-

580 1840 838 1923 ceperat
884 1831 1229 1900 curiositas
1277 1839 1340 1900 et
1391 1831 1678 1900 solertia.
1740 1832 1862 1900 Sed
1917 1833 2405 1920 gravissimum,
2460 1841 2532 1901 ut
2593 1833 2757 1899 mihi

580 1939 860 2017 videtur,
908 1947 1366 2029 argumentum
1415 1927 1694 2028 praebet'
1716 1938 1941 2027 lingua
1993 1938 2375 2006 sanscritica
2431 1939 2759 2008 recentior

580 2072 732 2117 cum
764 2049 983 2118 ved-ica
1028 2055 1423 2138 comparata.
1476 2048 1636 2116 Nam
1677 2053 1740 2114 et
1792 2047 1904 2114 illa
1953 2047 2447 2136 conjunctivum
2479 2047 2755 2115 missum

580 2155 753 2233 fecit,
800 2157 1082 2246 exceptis
1111 2155 1409 2246 personis
1445 2154 1676 2245 primis
1707 2175 1852 2243 quae
1885 2151 2254 2244 imperativi
2300 2155 2439 2222 vice
2476 2156 2759 2244 fungun-

581 2267 712 2338 tur,
747 2263 1102 2351 optativum
1143 2270 1399 2332 tantum
1428 2261 1724 2330 servavit.
1761 2261 1974 2338 Quum
2006 2269 2226 2329 autem
2254 2261 2324 2328 in
2353 2261 2576 2329 vedica
2607 2283 2759 2329 con-

575 2369 912 2457 junctivus
959 2370 1160 2438 simul
1216 2377 1280 2438 et
1329 2358 1655 2460 optativus
1708 2375 2136 2459 usurpentur,
2193 2368 2366 2436 viam
2411 2369 2600 2437 nobis
2657 2369 2757 2435 in-

579 2478 933 2567 trospicere
964 2477 1114 2546 licet
1146 2501 1274 2567 qua
1306 2477 1634 2566 optativus
1664 2476 1982 2567 paulatim
2008 2477 2076 2544 in
2103 2477 2501 2566 conjunctivi
2537 2477 2756 2545 locum

582 2588 978 2656 substitutus
1012 2588 1118 2654 sit.
1158 2588 1301 2655 Jam
1343 2587 1411 2653 in
1457 2586 1776 2675 Rig-Veda
1821 2587 2146 2677 optativus
2189 2587 2595 2675 frequentior
2618 2608 2758 2655 esse

583 2697 839 2765 videtur
883 2718 1081 2785 quain
1134 2695 1591 2784 conjunctivus
1633 2719 1646 2760 :
1692 2696 1866 2763 unde
1918 2696 2116 2763 etiam
2176 2695 2495 2785 suspicari
2538 2695 2751 2770 liceat,

584 2802 696 2869 ubi
748 2802 1030 2891 optativo
1076 2825 1305 2870 sensus
1348 2803 1813 2891 exprimuntur
1860 2804 1973 2891 qui
2021 2803 2393 2871 Delhruckii
2440 2804 2757 2871 sententia

583 2908 979 2997 conjunctivi
1029 2907 1337 2997 primitus
1399 2908 1648 2998 proprii
1708 2910 1988 2986 fuerint,
2051 2909 2142 2976 ibi
2203 2909 2562 2998 optativum
2612 2932 2761 2977 con-

576 3018 853 3105 junctivi
881 3019 993 3106 jus
1024 3017 1379 3107 praecipere
1407 3017 1705 3107 coepisse.
1747 3018 1868 3086 Sed
1897 3041 1972 3085 co
2006 3019 2225 3086 minus
2259 3018 2615 3087 verisimile
2646 3019 2752 3096 sit,

584 3147 791 3213 quum
835 3126 971 3213 jam
1022 3124 1290 3213 optativi
1337 3146 1499 3191 usus
1537 3125 1838 3213 glisceret
1871 3126 2031 3193 etin
2064 3147 2140 3193 eo
2169 3136 2340 3194 esset
2380 3136 2452 3195 ut
2488 3127 2756 3194 modum

584 3232 770 3320 quasi
827 3232 1142 3299 aemulum
1192 3231 1501 3309 aboleret,
1562 3240 1627 3299 et
1679 3233 1897 3322 ipsum
1954 3234 2445 3322 conjunctivum
2501 3234 2567 3300 in
2617 3235 2761 3323 ejus

583 3340 745 3406 fines
800 3338 1232 3428 irruptionem
1291 3339 1543 3408 secisse.
1593 3340 1899 3429 Exempla
1949 3340 2148 3428 igilur
2205 3341 2271 3407 in
2319 3341 2562 3429 quibus
2605 3363 2758 3408 con-

577 3446 854 3534 junctivi
894 3468 1122 3514 sensus
1167 3447 1429 3514 eosdem
1464 3470 1604 3514 esse
1651 3447 1938 3514 vidimus
1972 3456 2167 3535 atquc
2198 3447 2691 3535 antiquissimos
2722 3468 2758 3513 a

584 3554 966 3621 Delhruckio
1004 3554 1285 3643 optativo
1335 3554 1722 3643 assignatos,
1773 3555 1877 3622 vix
1926 3555 2234 3644 explicari
2288 3562 2582 3644 possunt,
2631 3553 2759 3621 nisi

584 3663 867 3729 duorum
901 3663 1248 3728 modorum
1281 3662 1499 3730 nullos
1536 3686 1571 3729 a
1601 3662 1927 3753 principio
1961 3669 2172 3730 certos
2202 3664 2520 3730 terminos
2559 3663 2760 3729 fuisse

584 3770 1064 3837 concludimus.
1102 3771 1284 3847 Quod
1331 3770 1469 3860 ipse
1507 3770 1768 3839 Curtius
1795 3770 2120 3860 conjicere
2160 3770 2416 3840 videtur
2447 3773 2758 3863 (Chrono-

585 3883 773 3969 loqie,
809 3902 875 3969 p.
906 3880 1045 3968 95).
