3234 5150
1655 395 1934 450 —16—

703 527 801 590 est
827 524 1073 589 formas
1096 525 1330 612 leqere-
1331 545 1364 589 s
1402 542 1522 612 pro
1567 524 1859 610 Ιοῃεεέ-ε,
1907 521 2161 610 leyisse-
2164 545 2224 607 s,
2266 521 2545 612 exempli
2590 541 2885 597 eausa,e

703 611 1104 698 thematilius
1131 637 1308 698 ortas
1330 651 1474 698 esse
1491 628 1805 720 primitus
1838 629 1906 697 in
1936 652 2037 714 sa,
2077 652 2189 698 ssa
2222 628 2618 707 terminatiS,
2658 627 2881 695 addito

703 737 1018 826 optativi
1000 759 1070 804 1n
1101 738 1317 828 prima
1345 737 1809 827 conjugatione
1833 737 2166 829 praecipua
2204 736 2390 826 signo
2410 749 2462 805 ῖ.

789 846 1154 915 Perfectum
1213 845 1613 938 conjunctivi
1673 843 1892 924 omisi,
1934 845 2176 936 quippe
2205 845 2378 934 quod
2413 844 2507 912 ab'
2556 841 2880 911 anteriore

702 957 926 1023 tuturo
960 955 1216 1045 sejungi
1257 977 1391 1024 non
1421 954 1652 1075 possit.
1686 954 1891 1045 Hujus
1916 953 2093 1022 enim
2112 952 2433 1022 dissimile
2455 951 2595 1021 est
2574 973 2643 1019 1n
2664 949 2878 1040 prima

700 1070 958 1131 tantum
1005 1085 1309 1153 persona,
1359 1069 1426 1132 et
1464 1063 1535 1130 in
1575 1085 1652 1131 ea
1696 1062 1837 1152 ipsa
1888 1060 2350 1130 terminatione
2396 1059 2691 1150 quidem,
2744 1077 2877 1124 non

700 1176 918 1238 autem
953 1170 1264 1238 themate.
1288 1166 1521 1235 Futuri
1553 1188 1705 1235 vero
1741 1166 2087 1268 anterioris
2126 1165 2504 1234 informatio
2522 1149 2750 1234 eadem
2780 1167 2879 1230 est

699 1285 893 1368 atque
943 1276 1152 1345 futuri
1210 1275 1391 1344 verbi
1437 1297 1608 1341 sum
1661 1275 1819 1342 Nam
1874 1294 1911 1342 e
1977 1276 2265 1343 themate
2303 1275 2468 1364 leqes
2514 1277 2631 1340 aut
2688 1273 2873 1360 leqis,

698 1385 1023 1477 quidquid
1057 1385 1138 1455 de
1183 1385 1386 1477 hujus
1428 1385 1683 1474 origine
1716 1383 2137 1474 conjeceris¹‚
2176 1383 2643 1459 informantur,
2685 1417 2769 1430 —-
2803 1387 2873 1445 ut

699 1515 777 1563 ex
809 1517 900 1573 es,
943 1493 1253 1583 primitus
1286 1517 1388 1574 ae,
1422 1494 1665 1574 radice,
1709 1516 1874 1570 er—0‚
1904 1495 2061 1560 er-is
2082 1513 2202 1581 pro
2234 1514 2401 1571 esv,
2440 1491 2625 1568 es-is,
2670 1525 2753 1537 --
2786 1485 2875 1552 ita

698 1604 964 1692 leqerv,
987 1603 1277 1692 heqer-ia,
1302 1624 1421 1693 pro
1447 1603 1708 1693 leyesv,
1733 1603 2014 1690 leqe's-is,
2039 1604 2155 1668 aut
2173 1601 2420 1689 leqis-o,
2439 1597 2689 1687 leqis-is
2713 1593 2881 1682 (mu-

698 1717 831 1779 tata
862 1713 890 1777 i
919 1709 989 1777 in
1009 1733 1066 1794 e,
1101 1709 1433 1799 sequentis
1461 1733 1521 1791 r,
1559 1731 1707 1799 quae
1734 1709 1879 1800 ipsa
1917 1730 1954 1778 e
1982 1709 2173 1777 litera
2206 1732 2237 1775 s
2270 1705 2707 1776 rhotaeismo'
2742 1708 2880 1774 orta

697 1824 821 1896 est,
853 1818 917 1885 vi
948 1824 1013 1885 et
1046 1817 1338 1908 effectu).
1370 1819 1601 1888 Futuri
1636 1825 1859 1892 autem
1902 1814 2083 1886 verbi
2129 1812 2520 1884 substantivi
2562 1808 2882 1910 antiquis-

700 1923 948 1992 simum
1020 1923 1349 2014 exemplar
1424 1923 1730 1994 exhibere
1803 1923 2112 1992 videntur
2176 1920 2574 1990 sanseritieae
2654 1919 2879 1986 formae

699 2031 1070 2120 (a)s-ya-si,
1107 2033 1465 2120 (a)s-ya-li,
1497 2052 1534 2100 e
1560 2030 1802 2121 quibus
1831 2038 2180 2122 postquam
2209 2053 2252 2118 y
2284 2035 2347 2097 et
2367 2051 2410 2094 a
2438 2027 2508 2095 in
2534 2035 2560 2093 ἵ
2587 2023 2885 2095 coierunt

700 2139 952 2227 (confer
974 2159 1200 2228 supra,
1232 2161 1296 2229 p.
1325 2139 1434 2217 11,
1459 2146 1488 2205 ἲ
1514 2161 1593 2208 ex
1612 2162 1699 2228 ya
1716 2138 1784 2206 in
1810 2146 2071 2228 cap-t-s,
2096 2137 2472 2226 cap-t-mus)
2504 2135 2693 2204 faetae
2730 2137 2884 2202 sunt

697 2247 928 2314 formae
975 2248 1188 2326 er-i-S,
1219 2248 1422 2314 er-i-t.

784 2353 921 2422 lmo
970 2353 1370 2423 sanseriticae
1403 2360 1466 2422 et
1509 2375 1741 2444 graeeae
1797 2353 2041 2444 linguae
2101 2355 2433 2424 futurum‘
2460 2352 2782 2444 primum,
2827 2346 2883 2418 si

699 2485 853 2531 cum
897 2461 1123 2531 aoristi
1158 2462 1446 2552 quodam
1488 2463 1802 2545 themate,
1834 2463 1938 2531 vel
1974 2463 2053 2550 in·
2074 2487 2132 2542 ε,
2158 2463 2259 2533 vel
2280 2463 2349 2530 in
2378 2466 2483 2530 ish
2502 2465 2883 2533 sanseritiee

697 2578 972 2642 exeunte
998 2578 1446 2663 eomparatur,
1491 2593 1571 2640 ex
1607 2571 1865 2665 eodem,
1917 2570 2138 2641 addita
2169 2571 2418 2663 syllaba
2453 2596 2565 2663 ya,
2600 2572 2879 2642 derivari

700 2687 934 2772 potest.
971 2679 1266 2769 Exempli
1310 2701 1508 2748 eausa
1545 2680 1777 2758 affero,
1828 2679 2243 2749 sanseriticas
2277 2680 2526 2749 formas
2567 2682 2883 2771 bhots-ya·

699 2790 762 2855 si
815 2812 850 2851 «
889 2786 1056 2855 scies
1094 2813 1156 2866 »,
1228 2788 1699 2876 bhavish-ya-si
1754 2813 1787 2851 «
1840 2788 1957 2856 fies
2005 2814 2066 2865 »,
2128 2810 2410 2877 graecam
2462 2772 2704 2875 λέξομεΰ
2764 2810 2884 2879 pro

698 2904 872 2985 λεγσ-
907 2896 1170 2985 (ὓς-μεν.
1221 2896 1544 2964 Futurum
1587 2897 1954 2967 seeundum
1999 2920 2287 2987 graecum
2339 2880 2568 2967 eode'm
2607 2898 2803 2966 modo
2849 2920 2885 2966 e

699 3004 986 3072 themate
1035 3004 1106 3073 in
1141 3032 1202 3073 εσ
1238 3009 1512 3072 exeunte
1571 3002 2008 3085 informatum
2058 3016 2329 3092 τυπέομεν
2363 3028 2483 3096 pro
2522 3032 2657 3074 τυπε
2694 3005 2885 3093 (ετ-,ὓς-

700 3140 825 3197 μεν.
876 3113 928 3179 Α
982 3111 1227 3180 futuris
1291 3110 1484 3179 activi
1551 3112 2016 3185 terminatione
2084 3120 2343 3183 tantum
2412 3114 2634 3181 futura
2685 3112 2882 3180 medii

699 3219 1040 3299 differunt,
1091 3220 1402 3289 thematis
1453 3242 1718 3310 quoque
1788 3226 2015 3311 priore
2072 3222 2300 3312 parte⁸
2372 3244 2581 3313 graeea
2642 3223 2881 3315 passivi

702 3325 948 3395 futura.

793 3433 1222 3523 Conjunetivi,
1247 3436 1363 3524 qui
1392 3436 1660 3515 dieitur,
1697 3433 1966 3525 perfecti
2000 3434 2069 3503 in
2091 3436 2295 3505 latina
2324 3437 2551 3529 lingua
2578 3435 2886 3505 informa‹

704 3534 950 3607 tionem
978 3539 1184 3607 futuri
1219 3540 1672 3613 informationi
1702 3542 1772 3609 in
1790 3563 2001 3630 graeea
2030 3548 2095 3611 et
2123 3543 2193 3610 in
2213 3545 2593 3614 sanseritiea
2626 3566 2886 3635 respon-

704 3647 857 3715 dere
924 3648 1122 3737 paulo
1197 3650 1502 3739 superius
1577 3650 2041 3721 demonstravi.
2112 3652 2255 3721 Jam
2322 3659 2509 3722 antea
2575 3654 2885 3721 lectorem

703 3776 1116 3835 monueram,
1160 3779 1308 3846 quae
1353 3757 1421 3826 in
1451 3758 1834 3828 sanseritica
1858 3764 1923 3827 et
1967 3758 2037 3829 in
2064 3781 2277 3849 graeca
2306 3760 2529 3851 lingua
2568 3760 2885 3849 conjunc-

703 3862 817 3932 tivi
863 3870 978 3933 aut
1029 3864 1296 3955 optativi
1327 3866 1554 3935 sormae
1586 3874 1765 3948 sunt,
1804 3888 1914 3935 eas
1966 3866 2035 3933 in
2072 3868 2278 3938 latina
2307 3869 2515 3938 futuri
2543 3869 2753 3938 vicem
2782 3888 2889 3937 ex-

765 4100 813 4154 1.
851 4101 964 4155 vide
987 4101 1110 4155 ibid.

765 4176 812 4225 2.
839 4178 906 4227 De
925 4176 1224 4227 rlaolacismo
1247 4170 1358 4229 vide
1378 4177 1559 4231 thesim
1593 4178 1829 4231 Facultati
1851 4180 2029 4233 hterm
2032 4196 2121 4233 um
2142 4182 2379 4271 parisien
2382 4181 2398 4234 i
2423 4183 2727 4250 propositam
2754 4196 2783 4236 a
2806 4180 2892 4237 Ca-

703 4246 814 4297 rolo
839 4247 995 4306 Joret,
1019 4247 1234 4308 Parisiis,
1271 4252 1402 4313 apud
1425 4252 1633 4311 Franek,
1663 4252 1841 4303 1875.

767 4318 815 4367 5.
852 4318 920 4369 De
949 4334 1046 4382 qua
1067 4319 1179 4371 vide
1203 4320 1335 4371 infra
1359 4336 1466 4384 cap.
1493 4338 1546 4381 n,
1572 4326 1628 4374 Α.
