3234 5150
1582 402 1899 474 -112-

644 523 1019 614 praedicato,
1071 523 1350 614 exempli
1408 543 1607 594 causa
1655 548 1692 595 e
1745 527 2082 594 voluntate
2146 523 2498 613 loquentis»,
2555 522 2836 613 pendero

645 629 871 720 fingat.
911 632 1040 699 Hac
1074 631 1153 699 de
1183 653 1410 715 causa,
1442 632 1512 698 ni
1544 632 1768 718 fallor,
1806 653 2050 700 nomen
2080 630 2382 710 actionis,
2417 630 2486 698 in
2521 631 2839 700 sententia

645 758 761 830 per
799 759 867 804 se
904 745 1113 806 stante
1154 738 1297 824 sine
1338 739 1543 807 altero
1584 740 1942 830 praedicato
1989 743 2483 818 constructum,
2538 744 2653 806 aut
2691 738 2839 805 uni-

644 866 829 913 verse
876 845 1198 935 quidquid
1241 868 1372 914 non
1428 867 1609 916 mera
1659 847 2015 918 affirmatio
2061 852 2160 915 est
2207 845 2574 934 antiquitus
2625 844 2840 935 expri-

650 974 828 1020 mere
868 952 1114 1042 potuit,
1163 959 1278 1042 aut
1322 960 1499 1022 certe
1544 952 1921 1045 imperativi
1964 952 2138 1022 vices
2185 952 2255 1021 in
2306 953 2650 1021 literarum
2702 974 2840 1022 mo·.

645 1059 979 1129 numentis
1037 1059 1252 1150 explet
1292 1085 1305 1124 :
1360 1060 1764 1129 infinitivum
1823 1059 1970 1129 dico
2018 1081 2219 1150 quem
2275 1081 2394 1150 pro
2451 1059 2839 1151 imperativo

644 1173 1039 1258 usurpatum
1074 1166 1444 1257 reperimus
1484 1167 1554 1235 in
1603 1168 1828 1237 vediea
1872 1168 2073 1236 simul
2118 1175 2184 1236 et
2223 1166 2292 1234 in
2339 1187 2550 1257 graeca
2583 1166 2836 1256 lingua.

643 1274 950 1365 Exempla
986 1275 1221 1344 afferre
1263 1277 1421 1342 satis
1462 1275 1587 1343 erit
1626 1296 1662 1342 e
1708 1275 2058 1364 Rig-Veda,
2090 1274 2172 1352 V,
2220 1274 2330 1351 45,
2383 1275 2463 1353 43
2503 1276 2844 1342 samebhir

645 1406 723 1450 vo
770 1384 1078 1449 vdcobhir
1118 1384 1577 1471 devdjushtair
1612 1385 1816 1451 indm
1867 1406 1952 1450 nv
2001 1382 2183 1473 dqni'
2217 1389 2415 1450 dvase
2459 1385 2842 1472 huvcidhyai

647 1516 680 1555 «
717 1490 988 1581 Hymnis
1012 1489 1246 1558 vestris
1264 1541 1279 1569 ‚
1313 1489 1623 1580 precibus
1652 1489 1779 1558 diis
1804 1491 2010 1581 gratis
2029 1540 2045 1568 ,
2078 1489 2340 1558 Indram
2370 1489 2736 1580 Agnimque
2767 1489 2840 1558 in

644 1597 971 1668 auxilium
1006 1597 1313 1666 advocate
1342 1623 1403 1675 »‚
1438 1620 1517 1666 ex
1542 1598 1765 1677 Iliade,
1803 1600 1879 1677 Α,
1913 1598 2071 1677 582,
2111 1597 2304 1665 Ἀλλὰ
2345 1607 2405 1666 σύ
2445 1597 2596 1685 τόνγ’
2624 1605 2840 1666 ἐπέεσσι

643 1713 1019 1774 κιθάπτεσθαι
1044 1711 1403 1788 μαλακοῖσιν.
1436 1705 1483 1772 Ε
1510 1705 1718 1774 latina
1747 1705 1946 1774 etiam
1973 1705 2198 1794 lingua
2228 1726 2440 1772 unum
2469 1711 2534 1773 et
2556 1705 2839 1774 alterum

646 1811 868 1882 attulit
892 1810 1053 1902 Eug.
1083 1812 1547 1880 Whilhelmius
1574 1813 1690 1902 (De
1714 1814 2030 1901 infinitivi
2055 1816 2278 1900 forma
2295 1822 2357 1879 et
2379 1835 2531 1892 usu,
2561 1835 2628 1902 p.
2653 1813 2766 1901 92)
2789 1817 2834 1880 ¹.

647 1920 943 1989 Similem
996 1919 1556 1988 constructionem
1611 1919 2008 1990 recentiores
2059 1940 2322 2008 quoque
2370 1919 2612 2008 linguae
2661 1919 2843 1988 exhi-

644 2026 835 2106 bent;
872 2047 1085 2114 neque
1108 2025 1245 2094 ulla
1270 2031 1369 2094 est
1401 2024 1471 2094 in
1510 2025 1731 2095 italica
1760 2024 2226 2116 prohibitionis
2259 2025 2700 2115 exprimendae
2733 2026 2836 2094 via

646 2133 773 2202 nisi
828 2133 1211 2223 usurpando
1255 2132 1645 2223 imperativo
1683 2157 1697 2200 :
1733 2156 1868 2202 non
1910 2135 2189 2201 intrare.
2232 2133 2369 2201 Imo
2405 2154 2555 2202 vero
2591 2133 2661 2201 in
2695 2133 2840 2222 ipso

647 2241 867 2310 libello
934 2267 967 2306 «
1003 2243 1096 2308 La
1126 2242 1487 2311 cuisiniere
1531 2242 1912 2330 bourqeoise
1947 2265 1981 2304 »
2032 2239 2350 2329 inscripto
2400 2240 2655 2330 gallicae
2706 2240 2840 2308 for-

647 2350 845 2419 mulae
872 2347 1211 2416 abundant
1234 2349 1437 2438 hujus
1466 2347 1646 2416 modi
1682 2371 1699 2414 :
1742 2347 1976 2416 «Faire
2007 2347 2192 2416 cuire
2216 2350 2252 2416 a
2281 2347 2443 2438 petit
2479 2347 2613 2416 feu.
2640 2373 2673 2414 »

732 2455 1137 2525 Infinitivum
1183 2477 1300 2545 pro
1356 2456 1742 2546 imperativo
1782 2462 2178 2546 usurpatum
2227 2477 2382 2524 cum
2436 2455 2848 2538 nominativo

648 2565 1025 2655 subjectivae
1050 2563 1253 2655 partis
1298 2563 1608 2656 conjungi
1637 2586 1855 2656 posse,
1889 2586 1965 2634 ex
2016 2566 2140 2633 hoc
2183 2563 2444 2633 Homeri
2489 2586 2681 2635 versu
2729 2588 2844 2656 ap-

646 2680 830 2764 paret
866 2698 881 2739 :
930 2672 1101 2741 Ἀλλὰ
1142 2680 1203 2740 σύ
1243 2671 1400 2760 τόνγ’
1430 2679 1649 2741 ἐπέεσσι
1700 2682 2079 2743 καθάπτεσθαι
2116 2679 2454 2757 μαλακοῖσιν
2473 2675 2519 2739 ¹.
2567 2672 2654 2741 Eo
2696 2673 2844 2765 ipso

647 2779 953 2848 infinitivi
996 2778 1399 2847 constructio
1466 2778 1536 2847 in
1595 2778 1939 2849 sententiis
2001 2778 2172 2847 nulli
2225 2778 2339 2847 alii
2393 2779 2734 2869 subjectis,
2777 2787 2847 2849 et

648 2888 717 2955 in
784 2887 1127 2956 sententiis
1177 2908 1254 2955 ex
1300 2886 1504 2957 altera
1554 2887 1992 2979 pendentibus
2047 2886 2298 2965 differt,
2353 2885 2529 2976 quod
2585 2888 2654 2957 in
2700 2910 2846 2978 pos-

648 2982 1001 3063 terioribus
1058 2994 1321 3065 nullum
1362 2994 1731 3065 infinitivus
1780 2994 2123 3085 proprium
2176 2995 2552 3085 subjectum
2601 2996 2846 3064 habere

649 3110 884 3193 potest,
928 3102 1040 3171 sed
1089 3102 1199 3171 cui
1253 3102 1348 3170 rei
1402 3110 1519 3172 aut
1569 3124 1866 3193 personae
1909 3102 2218 3171 infinitivi
2266 3103 2436 3173 actio
2493 3104 2838 3185 tribuitur,

649 3234 723 3279 oa
781 3210 1095 3279 vocabulo
1154 3232 1190 3278 e
1249 3210 1581 3301 praecipuo
1640 3210 1991 3301 praedicato
2041 3210 2365 3300 pendente
2419 3210 2836 3301 exprimitur,

649 3316 725 3385 R.
758 3318 829 3385 V.
861 3319 959 3397 lX,
1006 3318 1070 3396 1,
1108 3319 1170 3395 1,
1205 3319 1498 3407 indrc‘zya
1523 3318 1786 3406 pa‘tave
1824 3319 2049 3395 sutdh,
2093 3343 2126 3382 «
2159 3318 2522 3408 Expressus
2566 3319 2840 3409 (liquor)

648 3425 855 3493 lndrae
882 3447 1104 3504 causa,
1139 3425 1406 3493 bibendi
1434 3448 1693 3495 causa»
1725 3450 1850 3506 ;-
1876 3426 1946 3493 in
1981 3425 2314 3517 prioribus
2339 3434 2588 3515 autem,
2620 3427 2842 3499 infini-

652 3530 783 3599 tivo
809 3531 1253 3600 nominativus
1288 3532 1528 3622 subjici
1559 3539 1793 3622 potest.

738 3638 1049 3707 Nonnulli
1076 3640 1299 3707 forsan
1333 3638 1694 3729 objicerent
1725 3640 2094 3731 imperativi
2116 3640 2475 3720 notionem,
2514 3643 2596 3711 ad
2625 3643 2846 3711 termi-

655 3746 988 3816 nationem
1016 3747 1215 3816 dativi
1249 3770 1379 3837 qua
1414 3747 1567 3817 finis
1594 3748 2010 3838 exprimitur,
2045 3771 2176 3817 non
2198 3751 2279 3819 ad
2305 3749 2523 3840 ipsum
2555 3750 2846 3819 nominis

656 3856 875 3923 thema
909 3855 1317 3923 referendam
1342 3878 1507 3935 esse,
1538 3856 1667 3925 nisi
1712 3858 1852 3948 jam
1885 3859 2316 3929 ostendissem
2349 3860 2638 3928 themata
2665 3859 2843 3947 ejus·-

658 3955 836 4031 modi
914 3962 1103 4051 quasi
1154 3963 1401 4033 habilia
1457 3963 1664 4035 fuisse
1727 3966 1810 4034 ad
1866 3966 2098 4036 modos
2143 3968 2603 4060 exprimendos
2655 3966 2846 4057 prius

720 4161 767 4215 1.
791 4163 857 4213 De
882 4163 1115 4215 infinitivi
1144 4180 1241 4217 usu
1269 4167 1440 4217 confer
1462 4166 1607 4232 sully,
1633 4168 1922 4222 Gesckickle
1944 4168 2033 4219 des
2056 4169 2324 4236 Infinitive.

718 4236 763 4284 2.
783 4236 1213 4288 Constructionem
1234 4239 1497 4291 accusativi
1512 4254 1628 4291 cum
1651 4240 1899 4292 infinitivo
1917 4256 2010 4305 pro
2029 4242 2319 4306 imperativo
2337 4249 2596 4314 usurpato,
2618 4242 2848 4309 quamvis

657 4312 825 4369 postea
848 4305 958 4371 lege
982 4310 1192 4373 quadam
1220 4309 1344 4361 tacta
1368 4310 1451 4368 sit,
1481 4310 1646 4365 minus
1671 4312 1939 4377 genuinam
1963 4314 2140 4367 babeo.
