3234 5150
1646 451 1923 509 -34-

696 584 932 663 mater,
962 585 1300 657 natorum,
1345 584 1412 646 et
1452 593 1686 645 eorum
1731 599 1900 667 quos
1935 577 2172 665 9i9nas
2213 573 2490 663 (gignes)
2524 599 2587 652 »‚
2616 611 2699 624 --
2721 591 2876 640 eum

696 685 1119 775 cunjunctiva
1140 683 1464 776 particula
1486 712 1499 765 3
1522 687 1666 770 Cat.
1689 687 1806 751 Br.
1831 686 1879 762 I,
1911 685 1977 764 8,
2009 683 2076 763 1,
2101 683 2168 761 5,
2189 683 2605 769 kumbhya'm
2635 683 2882 768 ma‘yre

694 795 1034 860 bibharc’zsi
1053 800 1129 860 sd
1149 793 1343 882 yadc‘i'
1362 797 1517 860 ta‘m
1544 794 1899 860 ativdrdhci
1933 795 2092 858 άεΙια
2120 790 2458 857 Ιεανεὴΐιήι
2493 789 2753 856 khatva'
2781 793 2880 853 td-

692 913 885 988 syam
914 913 1023 966 ma
1044 901 1407 978 bibharc‘zsi,
1436 899 1674 967 «Mein
1699 921 1812 968 vas
1838 891 2171 988 quoddam
2193 897 2486 987 primum
2507 898 2680 966 seras
2699 895 2874 984 (fcr):

682 1003 957 1097 'quando
1011 1007 1222 1096 magis
1271 1028 1472 1096 quam
1506 1007 1686 1075 utin
1730 1029 1806 1075 eo
1862 1027 2163 1092 maneam
2210 1027 2496 1072 crescam
2532 1003 2874 1093 (crevero),

690 1121 851 1184 tunc
889 1114 1133 1184 fossam
1179 1122 1531 1206 postquam
1576 1113 1845 1193 foderiS,
1879 1135 1987 1182 me
2019 1114 2194 1206 feras
2229 1112 2372 1202 (ego
2407 1111 2529 1180 tihi
2566 1110 2878 1180 ferendus

690 1223 829 1310 ero)
878 1213 948 1291 in
998 1214 1145 1291 eam
1179 1244 1258 1300 »ς
1308 1260 1393 1272 -
1440 1241 1677 1310 graeca,
1721 1259 1804 1272 -
1849 1243 2003 1290 cum
2049 1220 2440 1310 pronomine
2489 1217 2786 1298 relativo,
2815 1226 2873 1296 θ,

690 1329 845 1407 548,
878 1339 971 1416 Τῷ
998 1339 1089 1397 νῦν
1121 1335 1263 1414 μηδὲ
1294 1328 1538 1396 σὺ’κεῦθε
1564 1337 1800 1414 νοήμασι
1828 1334 2207 1417 κερδαλέοισιν
2235 1337 2290 1405 ὅ,
2318 1357 2351 1398 τ
2375 1357 2426 1396 τι
2446 1335 2516 1394 κέ
2538 1326 2586 1394 c'
2609 1330 2868 1416 εἴρωμαι,

690 1475 772 1486 -
818 1457 972 1504 cum
1022 1435 1440 1524 conjunctiva
1472 1435 1838 1525 particula;
1871 1463 1928 1522 0,
1963 1437 2121 1515 446,
2179 1434 2338 1505 Ἀλλ’
2369 1442 2461 1503 ὅτε
2494 1462 2591 1501 κεν
2639 1440 2708 1518 δή
2743 1442 2876 1516 νηῦς

687 1547 857 1625 πλείη
900 1547 1101 1623 βιότοιο
1134 1551 1384 1628 γένηται,
1421 1547 1666 1628 ἀγγελίη
1693 1569 1785 1627 μοι
1820 1547 2011 1610 ἔπειτα
2035 1550 2182 1621 θοῶς
2213 1547 2274 1621 ἐς
2309 1540 2523 1624 δώμαθ’
2555 1546 2778 1607 ἱκέσθω.

774 1650 847 1716 In
865 1648 1197 1739 plerisque
1213 1656 1430 1717 autem
1452 1648 1815 1727 sententiis,
1835 1648 2252 1738 conjunctivo
2281 1647 2379 1716 vis
2400 1647 2574 1715 inest
2581 1647 2876 1736 finqendi

674 1756 756 1824 in
781 1756 1193 1836 universum,
1222 1757 1407 1825 nulla
1441 1755 1762 1847 temporis
1791 1756 2087 1825 adhibita
2120 1756 2396 1834 ratione,
2433 1754 2602 1823 utin
2641 1754 2874 1843 graecis

688 1882 890 1951 supra
922 1860 1141 1930 allatis
1170 1882 1325 1930 eum
1357 1861 1748 1951 pronomine
1783 1861 2080 1942 relative,
2116 1869 2190 1941 Θ,
2223 1863 2378 1949 405,
2410 1871 2460 1940 l,
2509 1861 2660 1939 117,
2699 1867 2763 1928 et
2803 1860 2874 1927 in

687 1964 812 2031 hae
834 1987 987 2033 cum
1013 1966 1430 2054 conjunctiva
1465 1965 1815 2055 particula,
1842 1974 1916 2045 O,
1956 1968 2111 2046 207,
2141 1964 2382 2034 Ἑσθλὸν
2409 1971 2500 2034 καὶ
2533 1972 2596 2033 τὸ
2621 1974 2874 2037 τέτυκται

687 2077 767 2140 ὅτ’
797 2077 1048 2159 ἄγγελος
1074 2076 1263 2156 αἴσιμα
1295 2077 1437 2162 εἰδῇ,
1484 2093 1605 2140 nec
1639 2093 1773 2141 non
1822 2073 1892 2140 in
1941 2072 2368 2152 sanseriticiS,
2406 2111 2489 2122 -
2531 2094 2686 2139 cum
2720 2093 2872 2161 pro-

686 2178 955 2247 nomine
979 2178 1275 2258 relative,
1316 2179 1414 2258 VI,
1446 2180 1557 2259 60,
1597 2180 1752 2247 1....
1787 2182 2009 2247 sancti
2041 2181 2280 2270 vc'z'jam
2326 2182 2529 2246 ίηάνᾱ
2557 2188 2640 2268 ῃό
2681 2193 2867 2269 aqui,

686 2287 922 2352 sdhuri
962 2285 1302 2374 saparya't
1350 2312 1383 2349 «
1409 2283 1659 2354 Potitur
1706 2287 2042 2377 (potiatur)
2089 2287 2308 2377 praeda
2358 2287 2470 2376 qui
2516 2287 2777 2354 Indram
2807 2293 2876 2356 et

684 2393 918 2481 Agnim
948 2393 1227 2461 victores
1260 2395 1429 2460 colat
1453 2417 1515 2472 »,
1552 2416 1821 2461 -cum
1851 2394 2268 2484 conjunctiva
2291 2392 2639 2483 particula,
2671 2393 2718 2470 Ι,
2755 2391 2865 2471 57,

686 2499 753 2576 5,
796 2501 983 2566 ihe'va
1023 2501 1252 2585 prinva
1297 2501 1521 2566 eshc'zm
1580 2501 1746 2587 Ισάςᾱ
1798 2503 2106 2568 hdsteshu
2161 2502 2293 2590 ydd
2327 2502 2572 2579 υάάᾰη,
2621 2499 2870 2577 «Quasi

688 2606 795 2674 hie
838 2614 1191 2698 praesentes
1220 2608 1419 2676 audio
1445 2630 1557 2677 eos
1586 2631 1796 2697 quum
1827 2609 2086 2699 flagella
2114 2609 2182 2675 in
2212 2608 2520 2677 manibus
2549 2617 2864 2675 sonent».

684 2713 828 2780 Vim
876 2721 1093 2781 autem
1146 2714 1433 2804 fingendi
1482 2715 1794 2805 primitus
1845 2716 2247 2806 conjunctivi
2282 2715 2618 2806 propriam
2662 2715 2868 2783 fuisse

682 2821 1111 2889 Delbruckius
1154 2829 1372 2912 negat,
1422 2829 1486 2891 et
1535 2822 1731 2891 illum
1774 2823 1853 2892 de
1899 2845 2030 2912 quo
2083 2845 2262 2891 nunc
2297 2823 2513 2913 agitur
2541 2845 2741 2891 usum
2784 2822 2866 2890 ab

684 2928 1077 3007 hortatione,
1123 2929 1345 3017 jussu,
1398 2930 1732 2999 similibus
1776 2930 2209 3000 derivandum
2254 2938 2497 2999 censet.
2543 2916 2872 2999 jubebant

684 3035 932 3103 scilicet
959 3034 1161 3126 prisci
1190 3036 1495 3121 homines
1538 3039 1662 3106 hoc
1690 3038 1891 3119 effici,
1927 3061 2057 3128 quo
2101 3040 2331 3107 effecto
2385 3038 2454 3107 id
2496 3038 2866 3107 necessario

684 3149 1069 3231 sequeretur
1123 3143 1299 3231 quod
1353 3144 1689 3235 praecipua
1751 3145 2243 3235 significabatur
2295 3144 2644 3222 sententia,
2681 3151 2750 3211 et·
2789 3166 2868 3211 ex

682 3270 758 3317 eo
812 3251 1006 3339 jussu
1069 3252 1447 3339 conjectura
1512 3259 1627 3320 aut
1688 3253 1976 3321 conditio
2034 3254 2251 3321 fiebat.
2329 3253 2488 3321 Huic
2552 3252 2866 3320 doctrinae

682 3358 1165 3435 convenienter,
1222 3360 1559 3428 sententiae
1590 3364 1790 3452 supra
1821 3384 1856 3431 e
1890 3384 2098 3452 graeea
2129 3363 2356 3451 lingua
2404 3362 2615 3431 allatae
2645 3384 2682 3429 a
2726 3358 2866 3429 Del-

682 3464 959 3533 bruckio
980 3465 1069 3533 ita
1097 3465 1367 3534 totidem
1388 3468 1603 3537 verbis
1636 3470 2162 3539 transferuntur:
2203 3472 2341 3539 «Ne
2366 3477 2516 3539 ante
2533 3469 2864 3541 decimum

682 3594 934 3640 annum
960 3572 1233 3640 vulnera
1268 3581 1587 3642 curentur
1625 3599 1640 3641 ε
1689 3598 1764 3645 ea
1791 3578 2044 3646 fulmen
2074 3578 2327 3668 infligat
2352 3601 2430 3657 »ς
2467 3616 2558 3627 -
2592 3576 2867 3645 «Multis

683 3678 890 3769 copiis
920 3700 1041 3769 par
1069 3686 1168 3748 est
1193 3679 1295 3747 vir
1332 3702 1547 3748 unus:
1582 3702 1738 3749 eum
1769 3691 1944 3752 amet
1967 3684 2247 3774 Jupiter.
2289 3710 2322 3748 »
2352 3685 2480 3752 Hoc
2510 3691 2730 3753 autem
2761 3707 2865 3752 ar-

683 3793 1074 3876 gumentum
1107 3808 1237 3876 quo
1269 3786 1636 3885 doctrinam
1664 3789 1876 3880 ipsam
1912 3791 2261 3859 confirmet
2293 3791 2524 3860 affert:
2564 3792 2666 3861 vel
2697 3815 2734 3860 a
2771 3814 2868 3861 re-

680 3894 1085 3963 centioribus
1146 3895 1433 3963 similem
1492 3898 1965 3966 sententiarum
2028 3900 2619 3969 conformationem
2680 3923 2868 3970 usur·

681 3999 847 4090 pari,
877 4000 1157 4089 exempli
1188 4022 1410 4079 causa,
1460 4024 1497 4069 a
1527 4003 1865 4071 Germanis
1906 4029 1921 4071 ε
1965 4008 2115 4073 «Es
2157 4010 2280 4073 soll
2321 4009 2506 4074 einer
2540 4009 2861 4087 kommen,
2966 4041 2973 4048 ·

681 4110 821 4177 und
848 4131 921 4175 er·
954 4110 1088 4174 will
1113 4109 1283 4173 mich
1306 4108 1508 4175 bereit
1530 4112 1757 4194 finden
1790 4137 1851 4191 »,
1889 4150 1970 4163 —
2002 4134 2035 4179 a
2065 4113 2301 4179 Gallis:
2335 4138 2369 4177 «
2391 4114 2566 4195 Qu’il
2605 4116 2859 4193 vienne,

676 4227 737 4284 et
764 4220 813 4283 il
840 4240 941 4284 me
968 4226 1275 4283 trouvera
1299 4220 1466 4302 pret,
1496 4242 1527 4279 »
1554 4219 1731 4307 quod
1753 4220 1900 4289 ‘fere
1927 4220 2102 4289 idem
2123 4227 2221 4289 est
2250 4228 2447 4311 atque
2470 4248 2502 4285 «
2521 4220 2632 4289 S’il
2661 4221 2860 4299 vient,

677 4323 724 4391 il
756 4346 862 4393 me
895 4332 1201 4393 trouvcra
1232 4328 1375 4414 pret
1397 4348 1455 4389 n.
