3234 5150
24 4354 32 4613 --—-—-——-——-»
24 4328 26 4345 -
24 4272 27 4319 —--
24 4252 27 4263 -
24 4216 27 4237 —-
24 4154 27 4165 -
24 4124 27 4147 —
24 4106 30 4113 v
24 4046 27 4063 —
24 3972 27 4003 v·
24 3944 26 3965 -
24 3926 26 3935 -
24 3834 26 3919 --——-

1610 415 1679 428 ..
1716 386 1784 442 40
1822 415 1891 432 -.

656 519 786 599 -bo‚
839 524 985 587 tum
1033 513 1316 608 perfecta
1360 513 1432 583 in
1487 516 1582 583 -vi
1588 567 1604 584 .
1655 513 1745 582 Ex
1788 513 1894 583 his
1926 514 2041 606 qui
2096 513 2458 607 perfectum
2504 513 2846 584 auxiliaris

659 629 767 717 s’ui
813 645 1044 695 eruere
1087 623 1340 704 volunt,
1387 622 1663 692 unicum
1708 622 1919 692 ruinae
1966 623 2172 693 litcrae
2211 627 2257 712 s
2296 622 2571 698 allatum
2622 643 2842 693 exem-

661 734 872 826 plum,
905 733 974 802 id
1001 740 1102 802 est
1121 732 1338 822 potui,
1382 732 1527 822 jam
1563 731 1955 811 amiserunt,
1994 753 2204 821 quum
2232 731 2623 822 Merguetius
2648 730 2841 800 illus-

658 841 951 912 trissime
986 839 1530 911 demonstraverit
1573 829 1759 928 (Vide
1782 839 1993 920 Pauli,
2041 841 2441 928 Zeitschrifl'
2463 843 2584 929 fiir
2635 842 2813 930 ver-91
2820 892 2835 908 .

660 952 845 1040 Spr„
883 949 1036 1030 XIX,
1061 971 1128 1040 p.
1159 949 1310 1034 224)
1366 947 1539 1016 illud
1580 969 1661 1017 ex
1688 947 1957 1018 abusiva
1988 947 2209 1018 radice
2232 957 2397 1038 pot·‚
2440 947 2620 1018 haud
2650 969 2843 1019 secus

657 1064 854 1148 atque
885 1079 923 1128 e
951 1057 1173 1127 radice
1199 1079 1379 1126 mon·
1401 1059 1659 1137 monui,
1698 1055 2131 1127 informatum
2158 1079 2335 1138 esse3
2380 1058 2472 1130 ita
2509 1064 2585 1127 ut
2616 1057 2838 1150 ipsum

652 1169 847 1257 potui
859 1166 1168 1258 litigiosis
1187 1153 1424 1236 formis
1444 1166 2023 1236 annumerandum
2045 1166 2152 1237 sit.
2167 1167 2275 1236 11ae
2292 1167 2521 1236 formae
2540 1189 2696 1236 cum
2707 1168 2847 1238 the.-

660 1274 951 1344 matibus
979 1263 1541 1344 lettoslavicarum
1569 1271 1953 1364 linguarum
1987 1273 2058 1343 in
2084 1297 2123 1342 v
2147 1274 2600 1344 desinentibus
2637 1275 2841 1366 (Schl.

660 1369 1044 1471 Compend„
1081 1380 1300 1471 2212)
1347 1380 1772 1472 potissimum
1814 1381 2224 1452 conferendae
2250 1382 2578 1452 videntur.
2608 1383 2848 1475 Imper-

657 1491 903 1558 fectum
934 1489 1005 1557 in
1035 1489 1208 1556 -bam
1231 1475 1297 1558 et
1319 1489 1623 1556 futurum
1659 1488 1731 1557 in
1749 1489 1850 1558 -bo
1880 1489 2110 1560 eodem
2130 1490 2453 1561 elemento
2493 1490 2847 1566 informata

657 1586 804 1668 esse
849 1587 1132 1687 conjicio
1183 1595 1360 1688 quod
1406 1595 1476 1664 in
1524 1594 1665 1688 ipsa
1717 1596 1923 1668 latina
1965 1597 2216 1690 lingua,
2268 1599 2393 1668 suh
2443 1599 2657 1670 forma
2696 1600 2849 1668 sim·

661 1697 937 1798 pliciore
969 1702 1191 1774 rarius
1226 1702 1493 1794 quidem
1523 1709 1598 1772 ut
1630 1703 1700 1772 in
1740 1713 1835 1772 ta·
1850 1705 2004 1772 bum
2039 1704 2209 1797 (vide
2232 1727 2439 1794 supra
2472 1727 2539 1796 p.
2572 1706 2713 1795 55),
2750 1729 2853 1778 va·

636 1804 779 1884 'riis
813 1819 1036 1884 autem
1061 1811 1276 1883 modis
1300 1809 1778 1902 amplificatum
1808 1810 2340 1905 frequentissime
2367 1820 2753 1904 usurpatur,
2774 1821 2849 1886 ut

659 1924 728 1993 in
775 1921 1156 1994 nominibus
1206 1940 1324 2011 per
1380 1919 1542 2001 her,
1581 1921 1773 2002 -bris‚
1832 1921 2073 2002 -brum,
2137 1923 2310 1989 -bilis
2368 1922 2845 1994 desinentibus.

657 2032 1023 2103 Plurimum
1057 2049 1209 2098 vero
1239 2027 1516 2098 luminis
1545 2028 1703 2098 huic
1732 2028 2081 2119 quaestioni
2124 2027 2499 2100 adhibitura
2546 2029 2849 2102 videntur

659 2138 976 2229 adjectiva
1003 2137 1074 2205 in
1092 2138 1378 2205 -bundus
1397 2158 1552 2206 cum
1567 2136 1934 2228 participiis
1960 2135 2030 2206 in
2046 2138 2315 2216 -uudus,
2330 2139 2561 2206 -endus
2582 2138 2845 2210 collata.

659 2249 874 2328 Quum
933 2252 1154 2314 autem
1196 2244 1421 2314 latinae
1470 2244 1679 2312 literae
1726 2245 1763 2310 b
1821 2243 2120 2313 umbrica
2168 2248 2214 2334 f
2238 2265 2434 2335 saepe,
2484 2252 2547 2316 et
2591 2245 2663 2316 in
2704 2246 2847 2337 ipsa

659 2345 895 2423 suffixa
921 2355 1069 2441 -fele
1105 2373 1226 2443 pro
1257 2351 1462 2420 latina
1509 2353 1710 2420 -bili-se
1752 2351 2143 2442 respondeat
2184 2353 2422 2443 (Breal.
2472 2353 2588 2424 Les
2627 2355 2847 2427 Tables

661 2451 1040 2553 e'ussqubines,
1066 2482 1133 2550 p.
1159 2459 1347 2550 551),
1378 2459 1701 2530 umbricae
1734 2459 1941 2529 futuri
1975 2460 2323 2532 anterioris
2349 2462 2579 2532 formae
2606 2470 2683 2532 ut
2706 2487 2851 2532 am-

661 2574 998 2660 brefurent
1057 2568 1274 2661 (ibid.‚
1325 2589 1392 2658 p.
1432 2566 1586 2655 560)
1644 2565 1811 2634 mihi
1863 2564 2195 2647 videntur,
2254 2568 2432 2661 quod
2491 2569 2605 2639 ad
2624 2571 2845 2643 thema

664 2671 916 2759 attinet,
949 2698 1083 2747 non
1110 2697 1265 2745 cum
1299 2672 1594 2766 perfecti,
1629 2674 1743 2743 sed
1762 2696 1918 2746 cum
1954 2674 2163 2745 futuri
2192 2675 2382 2747 latini
2412 2678 2643 2750 formis
2668 2702 2851 2751 com-

661 2784 2537 2877 parandae1.‚

751 2893 1020 2963 Restant
1082 2896 1331 2984 quartae
1395 2888 1736 2980 praesentis
1800 2889 2058 2971 classis,
2132 2892 2501 2963 sanseritici
2572 2895 2843 2986 passivi,

665 2993 1307 3072 denominativorum
1365 2996 1616 3077 formae,
1666 3017 1949 3086 quarum
2006 2996 2408 3069 elementum
2438 3024 2527 3090 ya
2585 3009 2850 3071 auctore

663 3100 1081 3181 Schleichero
1114 3108 1525 3199 (Compend.‚
1554 3108 1587 3193 Ξ
1624 3105 1783 3194 295)
1824 3105 1906 3173 ad
1937 3105 2353 3177 notissimam
2396 3108 2467 3177 in
2499 3110 2847 3179 nominum

665 3217 1132 3288 informatione
1181 3214 1485 3283 suffixam
1541 3234 1847 3282 revocare
1893 3212 2001 3282 vix
2040 3214 2180 3304 jam
2224 3215 2580 3285 dubitabis.
2636 3218 2728 3287 Ita
2766 3219 2849 3289 de

668 3325 980 3417 optativo,
1034 3314 1336 3414 quamvis
1404 3342 1441 3390 e
1499 3327 1635 3390 tota
1710 3320 2153 3411 disputatione
2228 3324 2512 3413 seposito
2535 3377 2552 3404 ‚
2617 3326 2851 3416 praeju-

670 3435 963 3504 dicatum
1006 3452 1152 3501 esse
1187 3429 1468 3497 videtur.
1509 3428 1595 3497 De
1628 3428 1754 3496 hoc
1788 3434 2011 3499 tamen
2039 3430 2567 3501 adversariorum
2616 3432 2851 3503 doctri·
2984 3504 2994 3512 ,

669 3564 825 3611 nam
878 3540 948 3609 in
1000 3537 1358 3630 posteriore
1417 3534 1631 3626 capite
1693 3535 1939 3607 directa
2004 3537 2109 3607 via
2180 3538 2604 3630 impugnabo,
2671 3563 2848 3623 nunc

670 3647 1070 3720 deverticulo
1099 3644 1385 3735 quodam
1405 3642 1494 3712 ita
1515 3641 1817 3713 lacessivi
1846 3651 1921 3713 ut
1950 3666 2096 3713 eam
2126 3651 2492 3717 ceterarum
2526 3670 2643 3739 pro
2676 3670 2851 3719 com·

669 3744 904 3849 positis
956 3752 1334 3821 habitarum
1373 3751 1740 3820 formarum
1783 3751 1971 3843 quasi
2014 3752 2278 3821 auxiliis
2310 3754 2843 3827 intercluderema

674 3862 857 3945 Quod
915 3860 971 3929 si
1005 3859 1202 3951 paulo
1249 3858 1464 3927 fusius
1509 3859 1763 3951 digredi
1818 3860 1999 3930 visus
2033 3882 2216 3942 sum,
2265 3861 2562 3953 ignoscat
2615 3866 2843 3949 lector,

673 3994 881 4065 quum
905 4032 914 4043 .
934 3968 1208 4064 quaestio
1243 3968 1324 4039 de
1381 3968 1565 4064 signo
1619 3969 1890 4061 optativi
1944 3970 2015 4040 in
2040 3969 2361 4041 universa
2408 3972 2849 4065 disputatione

675 4078 946 4150 maximi
978 4077 1064 4147 sit
1103 4076 1446 4147 momenti.

686 4242 784 4381 (11.
817 4244 900 4366 {tiit
904 4234 1331 4378 ἰῖιπιδῗυρὶλαῇ,
1318 4258 1418 4310 ,tp
1401 4240 1588 4309 ihafei,
1630 4243 1694 4295 ad
1722 4244 2001 4308 perfeetum
2026 4246 2137 4301 sint
2165 4246 2453 4303 referendae
2482 4248 2679 4303 dubitat
2706 4252 2845 4303 Brea}

729 4329 803 4366 oc.
