3234 5150
1677 363 1957 418 ...78-

728 495 1026 572 ποιὴσομεν
1070 489 1131 554 εὖ
1174 494 1460 575 ἀραρυίας,
1494 494 1635 574 ὄφρα
1661 491 1727 554 δι’
1757 491 2310 570 αύτάωνξὶππηλασίη
2337 493 2464 565 ὁδὀς
2490 491 2601 572 εἴη,
2637 525 2721 535 —-
2753 507 2907 553 cum

584 589 595 596 ’
656 673 661 678 ¹
731 595 1116 684 pronomine
1156 594 1449 674 relative,
1490 596 1680 671 ibid„
1719 595 1870 671 541,
1924 593 2230 663 ’Έκτοσθεν
2263 600 2323 660 δὲ
2358 597 2610 676 βαθε“ιόιν“Ι
2645 597 2910 682 ὀρύξομεν

728 711 923 790 ἐγγύθι
948 712 1174 791 τάφρον,
1206 712 1243 788 ἥ
1271 706 1329 790 χ’
1363 710 1561 783 ἵππους
1587 707 1682 769 καὶ
1711 709 1850 770 λαὸν
1880 709 2141 790 ἐρυκάκοι
2171 708 2335 789 ἀμφὶς
2363 709 2547 770 ἐοῦσα.

818 810 862 875 F
864 810 992 878 inis
1025 816 1406 899 exspectatae
1430 810 1808 898 exemplum
1843 815 1939 877 est
1969 831 2258 899 graecum
2291 833 2306 874 :
2341 817 2400 894 β,
2436 811 2540 878 77.
2584 819 2770 897 Τόφρα
2800 817 2910 898 γὰρ

730 930 795 987 ἂν
824 927 966 986 κατὰ
1000 925 1129 987 ἄστυ
1166 925 1659 1002 ποτιπτυσσοίμεθα
1701 926 1856 1004 μύθῳ
1900 919 2144 1006 χρήματ’
2171 925 2541 998 ἀπαιτίζοντες
2589 926 2696 997 ἕως
2722 918 2778 985 κ’
2801 923 2910 986 ἀπὸ

728 1034 906 1096 πάντα
926 1033 1111 1108 δοθείη
1122 1078 1137 1092 .

818 1133 1179 1201 Discrimen
1212 1130 1496 1220 denique
1530 1130 1704 1199 inter
1745 1131 2145 1220 conjunctivi
2177 1140 2241 1199 et
2268 1131 2537 1220 optativi
2577 1152 2812 1199 sensus
2841 1130 2910 1198 in

674 1309 680 1318 ,
730 1240 1056 1329 ejusmodi
1102 1239 1465 1316 sententiiS,
1523 1238 1769 1306 omissa
1817 1238 2088 1327 optativi
2126 1239 2194 1305 in
2236 1260 2445 1327 graeca
2484 1239 2709 1328 lingua
2755 1259 2909 1306 cum

731 1349 1140 1438 temporibus
1180 1347 1513 1415 historicis
1558 1347 1752 1422 dictis
1786 1347 2106 1435 peculiari
2151 1347 2626 1427 convenientia,
2672 1348 2776 1416 vix
2810 1350 2910 1415 ul-

732 1457 898 1534 lum,
955 1462 1211 1524 certum
1251 1455 1397 1522 dico
1426 1454 1926 1543 definitumque,
1965 1454 2240 1545 reperiri
2270 1460 2502 1543 potest.
2535 1456 2696 1522 Nam
2734 1456 2912 1544 quod

731 1562 1159 1632 Delbruckius
1212 1583 1443 1630 eruere
1499 1561 1757 1641 nititur,
1830 1561 2098 1652 optativi
2141 1584 2294 1630 cum
2340 1563 2666 1652 praecipuo
2713 1565 2910 1632 verbo

734 1669 946 1737 laxius
976 1691 1118 1738 esse
1146 1670 1513 1747 vinculum,
1549 1670 1674 1744 hoc
1694 1669 1995 1758 quamvis
2026 1670 2095 1737 in
2130 1670 2514 1738 universum
2540 1679 2810 1751 asserat,
2846 1679 2912 1740 et

733 1778 1000 1868 optativi
1042 1777 1518 1867 antiquissimae
1555 1777 1809 1844 notioni
1843 1784 2355 1844 consentaneum
2385 1800 2527 1846 esse
2565 1779 2912 1846 contendat

735 1887 827 1975 (p.
862 1887 1000 1974 64),
1064 1884 1339 1953 minime
1390 1893 1612 1952 tamen
1659 1885 1728 1951 in
1779 1885 2116 1974 Rig-Veda,
2153 1887 2254 1952 vel
2298 1885 2366 1952 in
2416 1886 2752 1954 sententiis
2792 1908 2910 1975 per

642 2017 657 2030 ·
732 1992 1220 2081 conjunctivam
1259 1992 1652 2082 particulam
1692 1993 2036 2081 praecipuae
2080 1993 2589 2071 adhaerentihuS,
2620 1995 2909 2083 neapud

731 2101 1086 2168 Homerum
1125 2099 1393 2189 quidem
1430 2101 1720 2189 apertius
1756 2099 2344 2167 demonstrandum
2393 2083 2676 2182 curavit3
2731 2101 2907 2190 quod

732 2207 1000 2275 difficile
1078 2207 1137 2274 ei
1211 2207 1515 2274 futurum
1598 2207 1803 2274 fuisse
1876 2207 2242 2294 judicabis,
2305 2208 2360 2274 si
2448 2209 2641 2276 modo
2709 2231 2910 2298 supra

732 2315 930 2383 allata
966 2315 1366 2403 conjunctivi
1400 2322 1473 2382 et
1496 2315 1762 2403 optativi
1799 2316 2124 2403 exempla,
2159 2315 2416 2404 singula
2448 2338 2602 2384 cum
2629 2316 2908 2405 singulis

732 2421 1236 2510 comparaveris.
1294 2423 1362 2488 ln
1415 2421 1754 2488 sententiis
1801 2428 2058 2488 tantum
2106 2444 2257 2489 cum
2305 2423 2632 2512 praecipua
2674 2447 2909 2514 prono·

733 2529 910 2598 mine
974 2529 1245 2598 relativo
1315 2530 1589 2617 junctiS,
1651 2551 1934 2619 quarum
2002 2532 2123 2597 hac
2198 2529 2276 2598 de
2349 2553 2544 2600 causa
2611 2535 2906 2623 exempla

731 2637 1109 2727 postposui,
1159 2636 1548 2727 praedictum
1609 2636 1965 2703 discrimen
2025 2636 2453 2704 Delbruckius
2518 2638 2908 2708 confirmare

728 2752 1028 2825 conatur,
1068 2744 1158 2811 ita
1196 2752 1413 2811 autem
1444 2743 1672 2811 definit
1705 2752 1779 2810 ut
1803 2743 1870 2810 id
1901 2744 1968 2810 in
2011 2745 2291 2829 minuto,
2326 2766 2522 2833 quem
2558 2753 2769 2827 vocat,
2801 2770 2909 2836 op-

729 2853 927 2921 tativo
984 2873 1365 2919 evanescere
1425 2852 1730 2919 fateatur.
1789 2851 2176 2940 Exemplum
2231 2861 2354 2930 est,
2407 2874 2484 2921 eo
2530 2854 2778 2941 judice,
2822 2891 2904 2904 —-

732 2961 969 3029 minuti
1034 2960 1327 3050 optativi,
1378 2982 1577 3049 supra
1622 2961 1763 3048 jam
1799 2959 2074 3027 allatum
2133 2960 2206 3038 H,
2272 2961 2426 3037 541,
2487 2960 2790 3030 ’Έκτοσθεν
2844 2970 2905 3031 δέ

730 3076 959 3151 βαθεῖαν
988 3071 1253 3157 ὀρύξομεν
1282 3075 1476 3155 ἐγγύθι
1511 3078 1738 3156 τάφρον,
1771 3077 1808 3153 ᾖ
1837 3074 1894 3156 χ’
1920 3075 2118 3147 ἵππους
2153 3072 2244 3135 καὶ
2279 3076 2417 3137 λαὸν
2445 3076 2703 3158 ἐρυκάκοι
2743 3077 2908 3157 ἀμφὶς

731 3184 915 3254 ἐοῦσα,
953 3212 1036 3225 --
1067 3175 1246 3242 haud
1295 3175 1559 3254 minuti,
1594 3183 1649 3253 δ,
1687 3175 1838 3253 698,
1888 3174 2062 3242 Ἀλλὰ
2103 3182 2246 3243 πολὺ
2291 3185 2476 3260 μεῖζόν
2506 3206 2566 3245 τε
2597 3184 2690 3245 καὶ
2735 3184 2908 3265 ἀργα·

725 3291 1005 3370 λεὼτερον
1041 3290 1191 3350 ἄλλο
1234 3296 1540 3371 μνηστῆρες
1572 3292 1886 3371 φράζονται,
1929 3293 1959 3352 ὃ
2007 3292 2084 3369 μὴ
2129 3292 2376 3353 τελέσειε
2418 3293 2681 3373 Κρονίων.
2713 3285 2903 3353 Nulla

728 3396 946 3457 autem
1000 3411 1196 3457 causa
1236 3392 1461 3459 adesse
1511 3390 1770 3457 videtur
1807 3412 1929 3457 cur
1966 3390 2290 3478 optativus
2329 3390 2397 3456 in
2437 3391 2651 3479 priore
2695 3391 2905 3479 magis

729 3518 929 3586 quam
976 3496 1045 3563 in
1082 3498 1436 3586 posteriore
1477 3498 1774 3586 exemplo
1825 3497 2120 3564 minutus
2163 3498 2502 3576 habeatur,
2560 3498 2686 3566 nisi
2735 3498 2903 3566 illud

729 3604 947 3694 ipsum
993 3604 1059 3672 in
1088 3605 1461 3695 'posteriore
1490 3605 1727 3681 laxiuS‚
1771 3604 1840 3671 in
1870 3605 2087 3693 priore
2131 3613 2351 3672 autem
2401 3605 2646 3673 arctius
2680 3606 2905 3673 vincu-

728 3713 895 3795 lum,
935 3719 1071 3791 aut,
1109 3721 1182 3780 ut
1210 3712 1357 3779 aliis
1406 3713 1619 3780 verbis
1657 3720 1829 3790 utar,
1872 3711 1986 3778 illa
2031 3710 2268 3799 prioris
2315 3713 2901 3802 eum-conjunctivi

726 3820 1042 3909 exemplis
1084 3842 1161 3888 ex
1216 3820 1395 3887 omni
1445 3828 1632 3909 parte
1682 3819 1960 3908 perfecta
2018 3818 2426 3885 similitudo?
2464 3820 2660 3888 Multo
2705 3820 2905 3909 igitur

729 3927 1099 4017 simplicius
1128 3935 1517 4015 agnoscetur
1555 3928 1626 3995 in
1668 3925 1991 4015 ejusmodi
2023 3926 2384 4004 sententiiS,
2426 3927 2478 3994 si
2519 3928 2713 3995 modo
2742 3950 2902 4017 pau-

728 4035 1029 4103 cissimas
1060 4036 1386 4124 exceperis
1417 4056 1562 4124 quae
1589 4043 1812 4102 tenore
1843 4039 2098 4101 tantum
2139 4055 2370 4101 sensus
2400 4035 2677 4103 laxiores
2707 4036 2899 4114 fiunt,

728 4144 1027 4211 eamdem
1049 4128 1317 4212 omnino
1347 4166 1487 4212 esse
1518 4143 1651 4211 vim
1682 4141 2078 4231 conjunctivi
2109 4148 2172 4209 et
2207 4142 2498 4230 optativi.

819 4256 952 4325 lllis
986 4264 1157 4325 certe
1186 4238 1250 4325 et
1274 4256 1604 4325 similibus
1639 4258 1816 4324 haud
1849 4256 2236 4322 necessariis
2273 4256 2635 4336 sententiis,
2669 4279 2903 4346 nempe
