3234 5150
1397 456 1641 516 „92-

521 575 570 644 E
618 576 836 645 radice
880 577 1110 646 classis
1157 577 1278 646 vul
1317 602 1446 646 van
1499 602 1815 672 «cupere,
1866 581 2148 661 vincere,
2196 591 2315 676 cet.
2350 608 2411 662 »,‚
2450 604 2613 652 cum.

417 683 588 753 ind.
607 685 731 753 for.
753 690 903 752 tert.
929 686 1095 776 sing.
1131 690 1395 754 υαη-ό-ἰὶ
1421 694 1867 778 comparatam
1897 689 2296 778 conjunctivi
2323 691 2613 758 formam.

427 800 802 873 υαη-άυ-α-ι,
845 799 909 861 et
947 796 1032 860 in.
1064 793 1278 863 medio
1312 815 1548 885 genere
1583 817 1755 864 eum.
1780 793 1917 863 ind.
1967 796 2089 864 for.
2144 818 2272 865 sec.
2322 797 2489 889 sing.
2524 801 2609 872 Ie-‚

431 904 610 970 υἱον-ε
663 923 813 978 van·
792 903 1004 970 -u-she'-
1045 909 1533 994 comparatam
1564 901 1963 993 conjunctivi
2035 887 2403 992 qraviorcin
2448 928 2603 974 van-

430 1015 692 1076 civ-a-se.
933 1025 942 1034 ·

515 1117 584 1183 In
644 1137 817 1185 nona
882 1115 1177 1204 quidem
1204 1116 1435 1197 classe,
1497 1123 1845 1237 postquam
1899 1117 2118 1188 addita
2176 1073 2276 1188 est
2310 1075 2610 1190 themati

428 1223 786 1312 praesentis
800 1222 1134 1292 indicativi
1165 1222 1475 1312 graviori,
1517 1223 1586 1293 in
1619 1237 1709 1292 ηῐι
1737 1226 2024 1305 exeunti,
2063 1226 2307 1296 vocalis
2336 1251 2403 1308 a,
2432 1213 2613 1314 nihil

433 1330 561 1398 nisi
588 1329 656 1397 id
680 1329 902 1419 ipsum
932 1345 1022 1398 πᾶ
1055 1331 1227 1400 effici
1259 1338 1502 1422 potest;
1539 1353 1574 1400 e
1612 1331 1924 1401 varietate
1954 1339 2201 1417 autem,
2228 1356 2360 1402 non
2387 1336 2611 1408 solum,

426 1443 842 1518 accentuum,
895 1444 959 1508 et
1015 1439 1366 1528 aliquando
1428 1439 1995 1525 terminationum,
2060 1441 2173 1509 sed
2237 1423 2616 1511 thematum¹

427 1544 748 1634 ipsorum.
781 1567 990 1634 quum
1026 1545 1235 1615 levius
1265 1531 1485 1628 thema
1521 1545 1592 1614 in
1642 1546 1990 1616 indicativo
2028 1558 2409 1638 usurpetur,
2454 1571 2603 1622 san.-

429 1653 686 1726 scritiee
717 1674 832 1744 per
864 1653 1182 1744 syllabam
1209 1667 1307 1734 πῖ,
1349 1676 1482 1722 non
1513 1661 1588 1722 ut
1609 1677 1819 1744 graece
1848 1677 1965 1746 per
1994 1657 2313 1748 syllabam
2342 1680 2433 1729 na
2460 1657 2614 1740 brc-²

429 1781 572 1832 vem
620 1759 1380 1850 (δάμ·να-μαι)-ᾶθείῐιεῐιε,
1424 1761 1637 1829 oritur
1696 1761 1765 1829 in
1815 1761 2169 1856 levioribus
2204 1771 2403 1845 certe,
2459 1786 2604 1853 quae

427 1875 766 1948 vocantur,
800 1869 1098 1960 personis
1145 1868 1507 1950 indicativi,
1541 1870 1809 1959 aliquod
1840 1870 2197 1940 discrimen
2232 1895 2362 1962 quo
2393 1895 2428 1942 a
2458 1895 2607 1942 eon·

421 1978 702 2068 junctivi
739 1977 1038 2068 personis
1086 1980 1540 2068 sejungantur,
1573 1984 1650 2047 ut
1674 1978 1999 2072 inprima
2031 1979 2367 2049 indicativi
2414 1981 2604 2049 activi

427 2086 702 2176 pluralis
731 2090 848 2154 mi·
849 2101 946 2154 ηῖ-
923 2093 1090 2154 -mds
1123 2087 1184 2177 (e
1217 2086 1438 2156 radice
1475 2089 1570 2154 mi
1611 2111 1646 2150 «
1682 2085 2015 2166 minuere,
2071 2086 2314 2156 violare
2338 2089 2403 2178 »)
2450 2109 2603 2182 cum

425 2195 830 2285 conjunctivi
877 2196 1088 2266 forma
1114 2197 1230 2263 mi·
1231 2196 1342 2262 ναῖ’
1343 2219 1498 2263 -ma
1512 2216 1783 2286 compa1
1784 2201 1913 2263 ata
2402 2253 2409 2258 .

433 2374 440 2380 ,
515 2301 612 2372 Ad
637 2300 923 2394 primam
956 2301 1485 2392 conjugationem
1528 2301 1914 2386 transimuS,
1958 2302 2027 2370 in
2065 2283 2195 2392 qua
2225 2281 2433 2392 quum
2474 2305 2608 2372 the-

429 2415 603 2479 mata
632 2408 974 2499 praesentis
1016 2409 1352 2478 indicativi
1392 2408 1614 2478 omnia
1660 2409 1729 2476 in
1762 2409 2061 2478 eamdem
2104 2409 2361 2502 literam
2393 2433 2436 2477 a
2468 2397 2608 2479 bre-

428 2523 862 2597 vem-exeant,
917 2538 1038 2587 nec
1085 2516 1268 2586 ullus
1319 2516 1407 2587 sit
1452 2538 1684 2587 eorum
1735 2537 1869 2608 per:
1900 2537 2211 2586 numeros
2258 2523 2323 2586 et
2368 2537 2604 2609 genera

426 2621 674 2711 gradus·
719 2620 1001 2690 levitatis
1058 2627 1171 2688 aut
1214 2618 1579 2709 gravitatis,
1659 2618 1819 2688 satis
1870 2618 1995 2687 erit
2035 2640 2072 2688 e
2122 2626 2427 2709 quatuor,
2491 2628 2607 2689 aut

423 2727 623 2797 etiam
669 2727 996 2817 pluribus,
1035 2726 1440 2797 sanseriticae.
1468 2725 1711 2815 linguae
1744 2726 2065 2796 classibus
2098 2727 2253 2796 huic
2294 2714 2607 2848 conjuga-

427 2834 588 2906 tioni
619 2835 1160 2919 annumerandiS‚
1192 2835 1567 2924 exemplum
1604 2856 1815 2903 unum
1847 2834 2254 2923 depromere
2273 2836 2403 2903 Hoc
2427 2834 2605 2913 enim

429 2964 638 3011 unum
684 2949 749 3012 et
798 2942 972 3011 idem
1021 2942 1090 3010 in
1147 2940 1456 3011 omnibus
1501 2940 1675 3009 inter
1714 2940 2051 3009 indicativi
2094 2947 2158 3008 et
2205 2940 2604 3045 conjunctivi

426 3052 716 3121 themata
753 3050 1112 3119 discrimen
1153 3048 1522 3127 intercedit,
1563 3048 1742 3137 quod
1782 3048 1946 3117 alte1
1947 3070 2063 3118 um
2100 3047 2171 3145 in
2198 3070 2242 3114 a
2277 3049 2495 3127 breve,
2520 3049 2608 3116 al-

424 3160 686 3227 terum
670 3182 740 3227 111
775 3183 818 3226 α
845 3164 1114 3248 lonqum
1143 3157 1404 3243 desinit.
1435 3157 1592 3227 Inde
1626 3156 1697 3224 fit
1734 3162 1801 3224 ut
1833 3155 1903 3224 in
1938 3156 2176 3246 prima,
2212 3155 2391 3223 haud
2416 3176 2605 3225 secus

425 3273 621 3356 atque
647 3267 720 3335 in
757 3268 1044 3335 secunda
1071 3266 1556 3357 conjugatione,
1588 3263 1987 3354 conjunctivi
2027 3263 2289 3353 signum
2332 3263 2538 3332 vocali
2563 3288 2604 3331 a

425 3378 606 3443 brevi
649 3381 949 3444 constare
1004 3375 1326 3454 videatur,
1378 3396 1524 3464 quae
1569 3395 1778 3469 quum
1819 3373 1887 3441 in
1937 3372 2221 3441 secunda
2256 3374 2367 3462 jus
2406 3394 2603 3441 suum

427 3482 786 3569 saepissime
816 3480 1192 3560 servaverit,
1225 3480 1296 3548 in
1320 3479 1534 3572 prima
1566 3502 1821 3567 semper
1852 3500 2005 3547 cum
2033 3477 2267 3547 ultima
2297 3477 2605 3548 thematis

425 3587 762 3657 indicativi
801 3610 843 3655 a
877 3588 1721 3657 coaluerit..

511 3693 617 3761 Sic
653 3693 923 3762 diversae
969 3694 1139 3762 fiunt
1167 3642 1486 3763 secundae
1513 3692 1681 3783 sing.
1716 3712 2011 3812 personae
2036 3710 2073 3758 e
2110 3688 2328 3758 radice
2360 3688 2441 3791 ad
2472 3690 2600 3783 pri-

424 3822 601 3891 mam
629 3801 908 3870 classem
937 3800 1139 3870 relata
1159 3803 1229 3889 ji
1283 3826 1317 3865 «
1341 3800 1600 3869 vincere
1635 3825 1697 3879 »‚
1726 3798 1797 3866 in
1827 3788 2176 3865 indicativo
2194 3798 2345 3885 jay·
2346 3786 2412 3862 u·
2414 3798 2499 3879 si,
2527 3797 2598 3863 in

420 3908 879 3998 conjunctivo·
905 3910 1098 3997 jay-a
1102 3910 1210 3995 -si‚
1279 3913 1394 3975 aut
1467 3928 1619 3975 cum
1678 3902 2066 3973 secundaria
2137 3902 2597 3971 terminatione

405 4017 680 4104 jdy-a-s.

506 4124 575 4190 ln
593 4143 804 4211 graeca
829 4127 1047 4190 autem
1076 4120 1327 4209 lingua,
1350 4124 1492 4188 uta
1511 4118 1591 4185 b1
1592 4139 1729 4186 evis
1755 4116 2115 4206 saepissime
2137 4115 2204 4184 in
2230 4144 2259 4184 0
2287 4122 2402 4185 aut
2426 4142 2477 4195 ε,
2503 4113 2593 4184 ita

417 4250 462 4294 a
488 4228 816 4317 longum
797 4251 868 4297 m
893 4258 940 4297 ω
969 4236 1082 4297 aut
1111 4258 1148 4311 η
1185 4233 1502 4296 mutatur.
1537 4226 1664 4293 1‹01
1665 4247 1791 4293 mis
1821 4225 2023 4314 igitur
2049 4222 2384 4294 indicativi
2414 4232 2537 4319 φέρ-
2540 4251 2593 4292 ο-

417 4364 542 4422 μεν,
567 4345 829 4426 φέρ-ε-τε,
871 4335 1280 4433 conjunctivi·
1320 4335 1548 4431 formae
1593 4342 1912 4425 φέρων-μεν,
1936 4344 2217 4431 ,qap-me,
2251 4332 2590 4430 aptissime
