3234 5150
1327 473 1606 528 ...59—

377 607 645 691 κρατερὸν
684 609 849 685 μένος
876 600 1425 686 ἱππσδοὶμοιο,--ἰῐι
1448 599 1700 670 ‚vedicis
1737 601 2124 691 aliquande,
2161 603 2559 690 Gatapatha-

378 708 796 787 Brakmana‚
873 708 979 786 11,
1040 709 1103 786 5,
1164 708 1226 786 1,
1290 710 1354 786 6,
1424 712 1722 778 υάοᾱῐῐιεί
1772 709 2025 797 νηίςνᾱ’,
2083 697 2563 780 krinavavahaz

376 823 469 885 mi
504 841 536 882 «
569 815 773 884 Verba
805 821 1034 884 mutua
1074 815 1489 884 faciamus».
1543 818 1780 887 Dicere*
1819 825 2038 886 autem
2083 817 2295 908 potuit
2344 819 2563 905 saepis-

376 928 539 994 sime
568 949 587 994 :
616 947 770 994 nam
821 926 893 1004 V,
945 923 1056 1003 51,
1105 926 1212 1005 12,
1266 932 1569 1016 svastdye
1619 933 1860 1017 vayztm
1918 935 2053 1016 ἀρα
2096 928 2555 1006 ὂναυᾱτηαὴαὶ,

379 1060 413 1099 «
446 1034 691 1125 Vayum
739 1033 971 1102 salutis
1008 1056 1215 1103 causa·
1260 1034 1642 1105 invocemus
1689 1061 1721 1100 »
1785 1041 1849 1103 et
1889 1035 2159 1113 similia,
2213 1056 2372 1125 pace
2418 1034 2559 1105 Del·-

375 1140 633 1211 bruckii
659 1141 962 1220 dixerim,
1000 1142 1298 1231 ejusdem
1335 1150 1490 1210 sunt
1523 1150 1800 1212 naturae.
1906 1235 1912 1239 .

460 1249 665 1318 Aliter
692 1255 913 1318 autem
944 1249 1024 1317 de
1054 1251 1177 1319 hoc
1202 1250 1638 1339 judicandum
1672 1275 1687 1318 ε
1721 1252 1843 1330 VII,
1893 1252 2001 1330 81,
2047 1252 2112 1329 5,
2158 1257 2272 1341 ydt
2311 1262 2370 1319 ce
2409 1255 2560 1320 divo

372 1359 647 1428 duhitar
700 1361 1306 1449 marta-bhojanam
1362 1363 1475 1429 tdd
1533 1374 1732 1429 νᾱευα
1791 1362 2316 1451 bhundjc‘zmahai
2362 1387 2394 1426 «
2442 1361 2565 1442 Qui

378 1475 558 1545 tuuS,
608 1467 755 1536 coeli
800 1467 961 1546 filia,
998 1467 1383 1536 mortalium
1424 1469 1637 1538 victus
1667 1474 1788 1546 est,
1825 1469 2000 1536 hunc
2039 1468 2120 1536 da
2149 1473 2485 1558 fruamur.
2526 1494 2560 1533 »

372 1574 519 1653 Sed,
570 1580 645 1643 ut
700 1574 866 1643 mihi
896 1575 1180 1653 videtur,
1215 1580 1531 1665 fruamur
1565 1583 1680 1645 aut
1708 1575 2030 1644 sententia
2060 1582 2158 1644 est
2185 1576 2390 1666 priori
2417 1577 2563 1646 suh·

366 1683 563 1772 jecta,
600 1704 729 1771 qua
760 1683 912 1751 finis
947 1683 1367 1774 exprimitur,
1414 1684 1482 1752 id
1531 1690 1632 1753 est
1662 1694 1737 1752 ut
1783 1688 2125 1774 fruamur,
2164 1691 2300 1763 aut,
2355 1686 2411 1754 si
2459 1685 2562 1753 sui

368 1789 541 1880 juris
584 1797 705 1868 est,
736 1791 837 1859 'ab
891 1791 1015 1859 hac
1067 1812 1204 1859 non
1255 1791 1474 1859 differt
1510 1815 1525 1858 ε
1568 1793 2318 1881 Aitareya-Brahmana,
2374 1794 2438 1870 1,
2497 1795 2558 1871 7,

376 1900 715 1966 abruvann
750 1901 989 1966 aditim
1039 1909 1407 1988 tvayemam
1453 1902 1729 1989 yajnam
1758 1903 2237 1990 prajc‘znc‘zmeti,
2277 1927 2310 1964 «
2350 1900 2447 1969 Dii
2481 1901 2562 1969 ad

374 2002 616 2071 Aditim
651 2003 854 2071 locuti
890 2009 1045 2071 sunt
1082 2027 1097 2069 ε
1135 2004 1257 2072 Per
1284 2009 1347 2072 te
1386 2025 1569 2072 sacra
1614 2025 1995 2073 noscamus,
2037 2031 2069 2068 »
2101 2005 2269 2074 Num
2312 2005 2443 2082 hic,
2489 2012 2564 2075 ut

378 2111 518 2180 v-ult
553 2110 1021 2189 DelhruckiuS,
1058 2133 1240 2180 mera
1266 2113 1571 2180 voluntas
1596 2134 1892 2202 personae
1924 2113 2256 2202 loquentis
2284 2113 2564 2183 declara-

375 2221 522 2287 tur?
554 2217 817 2286 Minime
843 2241 1034 2287 vero:
1071 2219 1183 2288 sed
1228 2219 1471 2288 Aditim
1517 2220 1609 2289 dii
1655 2221 2006 2290 hortantur
2050 2225 2127 2288 ut
2174 2241 2244 2288 se
2279 2221 2506 2291 doceat
2542 2245 2556 2288 ε

380 2326 561 2395 «Fac
592 2333 673 2394 ut
699 2348 816 2418 per
855 2333 919 2396 te
948 2347 1329 2398 noscamus
1370 2354 1425 2406 ».

460 2435 587 2504 Nec
612 2434 1001 2505 Delbruckio
1028 2436 1291 2505 facilius
1318 2437 1640 2506 assentiar
1671 2437 1750 2506 de
1779 2437 1994 2528 prima
2040 2435 2392 2524 singularis
2423 2457 2564 2526 per-

374 2564 555 2614 sona.
588 2545 750 2612 Nam
777 2544 978 2633 hujus
1004 2544 1182 2613 modi
1210 2545 1581 2615 innumeris
1603 2548 1650 2624 1,
1686 2546 1794 2624 59,
1822 2546 1886 2624 6,
1913 2551 2044 2634 prd
2066 2549 2179 2613 γαῖ’
2199 2547 2559 2614 mahitvdm

373 2650 850 2737 vrishabhdsya
899 2671 1124 2718 vocam
1178 2650 1756 2739 «Magnitudinem
1801 2650 1974 2718 tauri
2024 2671 2284 2727 canam,
2332 2675 2366 2713 »
2422 2648 2562 2739 ipse

377 2783 410 2821 α
448 2757 550 2825 sui
582 2756 1020 2825 hortationem
1048 2783 1079 2821 »
1105 2757 1321 2827 inesse
1346 2758 1682 2849 professus
1707 2764 1806 2827 est
1825 2758 1918 2847 (p.
1941 2758 2080 2848 20),
2111 2778 2324 2846 neque
2345 2757 2414 2824 in
2436 2758 2560 2825 hoc

375 2864 728 2955 exemplari
761 2865 935 2954 quod
971 2866 1257 2935 maxima
1287 2865 1680 2935 confidentia
1702 2867 1971 2956 profert,
2009 2868 2150 2951 (Iac.
2181 2868 2295 2935 Br.
2345 2867 2451 2941 11,
2489 2866 2554 2944 5,

374 2976 439 3051 4,
476 2975 549 3051 1,·
574 2975 1013 3063 brahmacary
1042 2978 1242 3042 ὰεᾱηὶ
1270 3001 1304 3039 «
1338 2974 1798 3043 Brahmacaris
1834 2973 1931 3062 (id
1960 2982 2058 3041 est
2094 2974 2283 3063 quasi
2335 2972 2556 3062 levita)

376 3081 503 3150 sim
532 3086 620 3147 !·»
657 3102 909 3149 meram
943 3083 1299 3151 voluntatis
1327 3066 1929 3173 pronuntiationem
1965 3079 2328 3169 intelligere
2361 3100 2554 3168 queo,

373 3187 557 3270 Quod
586 3191 805 3266 assini,
838 3210 982 3258 mea
1014 3190 1279 3278 quidem
1322 3189 1668 3267 sententia,
1721 3211 1853 3257 non
1883 3188 2212 3278 genuinus
2253 3187 2563 3276 conjunc-

372 3297 547 3367 tivus
612 3303 733 3371 est,
802 3298 916 3365 sed
984 3298 1355 3388 imperativi
1434 3300 1646 3366 forma
1717 3296 2074 3365 nominalis
2152 3295 2325 3385 (vide
2388 3294 2559 3363 infra

377 3427 521 3494 cap.
556 3405 651 3482 IV,
685 3404 789 3493 A),
823 3405 946 3473 hoc
974 3412 1157 3474 tacco
1191 3430 1205 3472 ε
1246 3429 1403 3474 nam
1426 3407 1561 3475 veri
1587 3406 1993 3497 conjunctivi
2025 3404 2332 3474 cumdem
2359 3424 2556 3471 usum

377 3519 441 3579 et
498 3533 695 3602 supra
761 3512 901 3601 jam
961 3513 1336 3583 notavimus
1414 3514 1483 3581 in
1547 3515 1762 3605 prima
1836 3514 2113 3604 pluralis
2189 3522 2556 3600 tvayemam

298 3644 305 3651 ·
378 3622 654 3710 yajnam
674 3622 1108 3709 prajanama‚
1158 3628 1223 3690 et
1272 3644 1663 3712 responsum
1691 3621 1900 3690 Aditis
1928 3621 2172 3689 ibidem
2226 3620 2295 3686 in
2344 3621 2559 3709 prima

374 3718 730 3813 singularis
774 3724 1037 3794 exhibet
1079 3751 1095 3793 ε
1146 3740 1223 3793 sa
1278 3729 1521 3816 tathety
1584 3727 1868 3803 αόναυῖί,
1906 3739 1982 3792 sa
2033 3728 2144 3792 vai
2193 3748 2270 3791 vo
2321 3747 2555 3793 varam

378 3836 571 3905 vrina
597 3834 697 3908 iti,
734 3856 765 3895 «
798 3832 970 3900 Dixit
1010 3856 1024 3899 ε
1064 3832 1187 3915 ita3
1226 3856 1341 3923 ego
1372 3834 1642 3922 quidem
1677 3856 1713 3901 a
1734 3832 1914 3900 vobis
1939 3832 2188 3900 donum
2219 3832 2481 3921 eligam.
2522 3859 2554 3896 »

378 3940 500 4007 Sed
530 3944 593 4007 et
624 3940 780 4009 huic
829 3946 894 4007 et
934 3940 1258 4031 superiori
1308 3941 1667 4018 sententiae,
1727 3942 1902 4009 haud
1961 3962 2150 4010 secus
2195 3949 2387 4030 atque
2417 3943 2556 4029 jam

382 4050 718 4141 explicatae
751 4054 934 4119 «Per
983 4060 1048 4119 te
1086 4074 1534 4130 noscamus»,
1592 4052 1875 4119 hortatio
1929 4054 2028 4121 vel
2086 4053 2311 4143 petitio
2361 4052 2552 4120 inest.

384 4158 543 4226 Nam
574 4159 737 4249 petit
761 4158 1128 4250 discipulus
1159 4182 1195 4227 a
1222 4160 1535 4249 magistro
1557 4169 1633 4228 ut
1653 4181 1722 4228 se
1754 4166 2090 4249 receptum
2121 4183 2239 4251 pro
2257 4160 2554 4229 Brahma-

386 4265 826 4344 carihaheat,
882 4267 1089 4336 Aditis
1135 4290 1171 4335 a
1224 4268 1351 4335 diis
1412 4275 1487 4336 ut
1547 4290 1615 4337 se
1669 4268 1914 4336 donum
1967 4269 2045 4336 ab
2103 4268 2262 4358 ipsis
2319 4267 2558 4367 eligere

388 4373 630 4442 sinant.
658 4376 873 4443 Graeca
904 4377 1199 4466 exempla
1230 4375 1458 4445 omitto
1480 4378 1561 4445 ad
1590 4399 1737 4466 quae
1760 4360 1958 4446 variae
1991 4377 2557 4466 interpretationes

3203 4791 3215 4821 5-
3213 4766 3215 4773 .
3205 4644 3215 4734 -..----Δ
3205 4607 3215 4625 ,ν-
3205 4537 3215 4591 en„—
3205 4400 3216 4521 μεμε
3207 4359 3215 4382 ν.-
3207 4321 3215 4339 »
3207 4270 3215 4306 „-
