3234 5150
36 1916 82 1987 ’Ἰ

1338 512 1617 566 ..75-

386 631 801 702 bu's'nostris
834 637 897 722 »)
942 659 955 700 ;
996 629 1158 704 duas
1202 637 1379 704 enim
1426 660 1762 728 personam,
1810 640 2006 708 deum
2051 642 2194 709 dico
2243 639 2304 711 et
2358 654 2564 713 semet

384 739 604 828 ipsum
650 747 764 808 aut
797 742 1064 810 comites
1104 743 1170 810 in
1217 745 1443 812 eadem
1492 748 1810 816 sententia
1853 749 2269 838 compellare,
2305 773 2340 818 a
2388 751 2564 819 vedi-

384 868 611 914 corum
645 855 986 937 poetarum
1019 853 1491 922 consuetudine
1527 855 1802 922 minime
1833 857 2162 924 abhorret.

468 957 551 1023 De
580 956 803 1024 futuro
838 980 953 1044 per
998 960 1357 1049 optativum
1390 984 1692 1052 expresso
1718 965 1856 1052 jam
1901 965 2032 1031 d-ixi
2059 987 2266 1053 quum
2295 964 2374 1032 de
2406 967 2559 1034 conss

376 1062 669 1152 junctivo
705 1085 985 1152 agerem.
1037 1064 1346 1156 Exempla
1384 1070 1556 1158 apud
1605 1070 2070 1137 Delbruckium
2123 1072 2332 1139 multa
2378 1081 2554 1156 sunt,

379 1170 495 1237 ubi
543 1170 767 1238 lectori
812 1193 883 1238 ea
931 1172 1236 1262 colligere
1268 1175 1441 1243 licet.
1494 1176 1607 1244 Illa
1644 1184 1900 1269 tantum
1935 1179 2184 1268 excipio
2216 1179 2282 1246 in
2318 1181 2558 1268 quibus

383 1277 705 1367 optativus
735 1279 1097 1367 profuturo
1128 1281 1253 1348 sub
1286 1283 1658 1352 conditione
1684 1287 1966 1373 quadam
1995 1308 2322 1375 expreSSO,
2366 1287 2432 1355 id
2461 1295 2557 1356 est

379 1407 497 1474 pro
540 1384 966 1454 conditionali
1009 1387 1202 1455 modo
1238 1397 1621 1478 usurpatur.
1657 1392 1838 1458 Hunc
1867 1393 2133 1482 optativi
2159 1400 2224 1462 et
2250 1396 2556 1462 eumdem

375 1493 778 1582 conjunctivi
804 1515 997 1561 usum
1034 1501 1139 1584 (ne
1175 1496 1254 1564 de
1298 1496 1648 1566 indicativo
1679 1521 1832 1567 cum
1869 1506 1932 1566 ἄν
1961 1507 2076 1567 aut
2103 1511 2199 1568 κέν
2240 1503 2308 1568 in
2344 1525 2553 1591 graeca

377 1601 601 1689 lingua
636 1601 895 1689 loquar)
946 1603 1359 1672 commodius
1400 1603 1571 1673 infra
1635 1608 1725 1695 (p.
1756 1636 1762 1641 ·
1791 1607 1898 1694 86)
1963 1608 2546 1676 considerabimus.

375 1710 535 1776 Nam
588 1708 889 1796 quamvis
938 1711 1271 1779 sententiae
1307 1711 1375 1778 in
1416 1713 1658 1799 quibus
1693 1715 2016 1801 reperitur
2044 1737 2162 1805 pro
2190 1720 2550 1804 praecipuis

376 1816 567 1904 vulgo
618 1816 1004 1894 habeantur,
1058 1839 1188 1884 non
1233 1840 1350 1906 per
1412 1826 1750 1888 setamen
1799 1829 1994 1902 stant,
2039 1845 2268 1910 quum
2313 1845 2348 1891 e
2397 1846 2550 1890 con-

376 1923 619 1991 ditione
650 1924 852 1991 altera
891 1925 1208 1993 sententia
1252 1947 1550 2014 expressa
1596 1929 1953 2016 pendeant;
2010 1929 2088 1998 de
2126 1931 2546 1998 conditionali
2583 1971 2588 1981 ·

375 2028 573 2117 igitur
622 2030 1061 2099 affirmatione
1118 2032 1319 2100 simul
1366 2040 1561 2120 atque
1623 2034 1701 2102 de
1739 2036 2110 2105 conditione
2152 2038 2293 2126 ipsa
2334 2039 2548 2127 expri-

375 2136 611 2214 menda
644 2138 1099 2214 tractabimus,

470 2467 531 2525 γ.
584 2441 672 2506 De
715 2442 1059 2507 modorum
1106 2445 1403 2510 sensibus
1458 2447 1533 2510 in
1574 2447 1912 2512 sententiis
1957 2447 2149 2511 alteri
2191 2447 2450 2512 cuidam

1300 2551 1626 2641 subjectis.

457 2782 696 2850 Sensus
728 2780 1075 2850 modorum
1110 2784 1177 2851 in
1214 2785 1554 2853 sententiis
1586 2807 1664 2853 ex
1715 2786 1916 2854 altera
1949 2786 2234 2874 quadam
2266 2787 2550 2876 penden-

370 2890 545 2957 tibus
571 2912 701 2957 non
732 2890 861 2956 nisi
896 2890 1217 2958 derivatos
1250 2913 1397 2959 esse
1427 2914 1612 2980 posse
1651 2893 2080 2961 Delbruckius
2107 2892 2388 2981 judicat.
2423 2896 2544 2961 To-

369 3004 503 3064 tam
542 2997 719 3065 enim
768 2997 1063 3086 ipsarum
1104 3000 1576 3066 sententiarum
1607 3000 2152 3087 significationem
2185 3001 2544 3068 derivatam

371 3126 512 3172 esse
542 3104 909 3172 necessario
946 3126 1235 3173 asserere
1264 3106 1490 3174 debuit
1530 3106 1644 3194 qui
1684 3129 1792 3174 eas
1829 3108 2012 3195 prius
2041 3129 2177 3192 suae
2209 3107 2544 3195 potestatis

370 3211 573 3279 fuisse
604 3212 945 3301 profitetur
982 3234 1181 3301 quam
1214 3212 1399 3279 alteri
1428 3213 1735 3301 subjectae
1761 3213 2013 3281 fierent.
2062 3215 2149 3281 De
2186 3214 2300 3280 illo
2347 3214 2545 3281 liber-

366 3319 518 3387 tatis
535 3320 687 3407 jure
718 3320 1061 3388 sententiis
1081 3320 1391 3388 omnihus
1423 3320 1491 3387 in
1515 3321 1976 3409 antiquissima
2006 3320 2330 3389 sermonis
2359 3329 2545 3391 aetate

368 3425 691 3494 vindicato
726 3428 865 3515 jam
898 3426 1053 3493 dixi.
1092 3427 1181 3493 Ex
1216 3449 1344 3516 qua
1392 3427 1832 3517 disputatione
1862 3429 1986 3496 hoc
2035 3435 2208 3495 certe
2263 3429 2546 3497 eluxisse

369 3533 624 3602 confido
650 3588 665 3617 ,
718 3534 1073 3603 sententias
1120 3556 1197 3602 ex
1246 3536 1449 3602 altera
1503 3536 1856 3624 pendentes
1899 3558 1934 3603 a
1969 3536 2182 3626 prima
2223 3537 2544 3604 sermonis

369 3641 642 3731 origine,
672 3663 803 3709 non
830 3643 1046 3709 solum
1071 3641 1400 3709 enuntiari
1432 3643 1745 3731 potuisse,
1782 3644 1895 3713 sed
1923 3666 2056 3711 non
2089 3644 2381 3732 potuisse
2409 3666 2542 3712 non

368 3748 719 3817 enuntiari.
770 3748 1115 3817 Sententiae
1164 3750 1344 3817 enim
1410 3749 1551 3817 aliae
1606 3750 1754 3817 aliis
1805 3750 1943 3839 ipsa
2000 3772 2232 3818 sensus
2287 3750 2350 3819 vi
2397 3758 2546 3818 ante

367 3856 674 3945 subjectae
716 3863 871 3924 sunt
898 3879 1097 3945 quam
1147 3857 1633 3945 conjunctionis
1669 3857 1932 3945 signum
1965 3857 2304 3925 inventum
2345 3868 2537 3926 esset.

364 3966 461 4030 An
528 3985 679 4031 vero
753 3964 1103 4031 modorum
1170 3986 1331 4031 usus
1393 3966 1461 4030 in
1534 3965 1872 4031 sententiis
1933 3986 2052 4053 per
2099 3988 2169 4033 se
2221 3966 2544 4034 stantibus

363 4070 659 4160 primum
700 4077 886 4138 ortus
930 4078 993 4138 et
1030 4070 1341 4137 definitus
1376 4070 1483 4148 sit,
1519 4069 1752 4136 deinde
1788 4091 1902 4158 per
1930 4071 2428 4138 translationem
2463 4072 2543 4138 ad

366 4176 721 4245 sententias
769 4178 953 4244 alteri
1010 4176 1273 4244 cuidam
1332 4175 1656 4264 subjectas
1715 4175 1798 4242 sit
1850 4178 2380 4244 accommodatus
2403 4229 2418 4255 ‚
2477 4178 2543 4245 id

366 4282 633 4373 quidem
686 4283 914 4371 agitari
958 4289 1190 4372 potest.
1264 4281 1376 4349 Sin
1432 4290 1654 4349 autem
1715 4283 2114 4370 conjunctivi
2147 4290 2212 4351 et
2276 4284 2544 4372 optativi

367 4412 599 4459 sensus
625 4390 694 4459 in
718 4392 1055 4475 sententiis
1083 4390 1394 4480 subjectis
1430 4390 1750 4461 derivatos
1779 4412 1920 4459 esse
1955 4415 1997 4457 a
2019 4396 2243 4479 priori
2275 4394 2545 4464 infitiari
2583 4428 2588 4433 ·
