3234 5150
507 1102 788 1159 QUOMODO
829 1107 1188 1164 PROI’OSITAS
1223 1113 1598 1174 QUAESTIONES
1632 1118 1747 1169 ALII
1782 1118 2135 1172 GRAMHATlcl
2172 1122 2493 1176 sommum

1345 1379 1667 1393 a

1252 1615 1330 1682 A.
1387 1615 1479 1682 De
1507 1619 1752 1704 forma.

500 1799 574 1870 In
608 1800 730 1871 hac
771 1801 991 1893 priore
1027 1804 1260 1896 capitis
1290 1813 1474 1897 parte
1507 1829 1733 1898 quam,
1768 1807 2116 1899 praeposita
2170 1809 2250 1876 de
2288 1808 2608 1899 composi-

408 1909 583 1981 tione
623 1912 871 1982 verbali
913 1913 984 1982 in
1028 1915 1418 1985 universum
1457 1916 1926 2008 disputatione,
1967 1917 2198 2008 paucis
2244 1917 2461 1986 verbis
2492 1918 2605 1986 ab·

409 2020 682 2102 solvam,
741 2022 821 2091 de
880 2024 1093 2093 forma
1140 2024 1407 2115 quidem
1451 2025 1672 2117 potius
1724 2025 2081 2095 dicendum
2132 2027 2280 2108 erit,
2325 2029 2599 2096 alteram

407 2134 628 2202 autem
655 2129 735 2197 de
753 2150 955 2199 sensu
977 2130 1408 2220 quaestionem
1429 2133 1815 2204 necessitate
1837 2135 2123 2225 quadam
2146 2135 2242 2204 rei
2269 2134 2598 2204 delibabo.

401 2238 568 2308 Dum
599 2239 778 2308 enim
820 2240 1103 2310 aliorum
1137 2242 1534 2334 scriptorum
1566 2244 1646 2340 de
1686 2242 1901 2313 forma
1941 2245 2337 2338 sententiam
2364 2256 2601 2335 expen-

404 2347 581 2428 dam,
633 2370 765 2417 non
808 2355 1036 2441 potero
1081 2372 1214 2419 non
1257 2351 1591 2444 inquirere
1640 2358 1969 2442 quatenus
2017 2374 2093 2422 ea
2133 2374 2287 2422 cum
2332 2373 2596 2423 eorum·
2678 2401 2689 2417 Ι

401 2455 549 2526 dem
585 2457 664 2525 de
693 2478 888 2526 sensu
922 2458 1174 2549 judicio
1210 2467 1548 2550 congruat.
1597 2460 1669 2528 In
1703 2459 2062 2551 posteriore
2087 2470 2296 2554 parte,
2338 2452 2594 2530 omissa

397 2568 530 2633 tota
556 2564 635 2633 de
665 2563 880 2635 forma
906 2567 1288 2659 quaestione,
1324 2567 1490 2637 illud
1524 2553 1725 2638 etiam
1764 2569 1844 2643 de
1874 2592 2072 2639 sensu
2104 2569 2440 2659 judicium
2470 2593 2589 2663 per

399 2695 468 2767 se
491 2674 970 2745 dubitationem
1009 2699 1269 2747 movere
1304 2677 1795 2747 demonstrabo.

485 2784 987 2874 Conjunctivum
1064 2786 1332 2878 quidem
1404 2787 1574 2855 nihil
1643 2786 1978 2856 continere
2058 2786 2187 2855 nisi
2253 2788 2589 2858 nominale

393 2887 615 2962 thema
684 2916 837 2964 cum
885 2895 1343 2987 personalibus
1414 2895 1994 2965 terminationibus
2046 2896 2357 2985 junctum
2414 2897 2588 2965 inter

393 3025 622 3071 omnes
660 3011 938 3072 constat.
983 3006 1068 3074 De
1100 3011 1336 3073 natura
1388 3011 1649 3072 tantum
1696 3002 2052 3071 nominalis
2100 3003 2406 3071 thematis
2448 3002 2580 3071 dis-

393 3112 611 3211 putari
665 3119 897 3205 potest.
962 3115 1125 3182 Ante
1183 3112 1406 3181 omnia
1458 3110 2115 3180 animadvertendum
2177 3116 2305 3190 est,
2363 3111 2583 3197 Curtio

387 3216 647 3304 judice,
713 3217 1018 3287 secundae
1068 3224 1333 3286 tantum
1397 3216 1738 3309 praesentis
1796 3215 2027 3284 classis
2084 3215 2582 3305 conjunctivum

389 3319 754 3413 genuinum
801 3347 966 3409 esse,
1015 3331 1292 3409 ceter08‚
1349 3325 1797 3419 peculiariter·
1823 3324 2056 3415 primae
2100 3324 2583 3414 conjugationis

388 3433 736 3524 praecipuae
787 3436 1240 3525 conjunctivos
1291 3427 1795 3525 (Chronoloqie‚
1840 3457 1905 3525 p.
1958 3434 2068 3514 84,
2118 3432 2205 3502 cf.
2251 3434 2385 3500 Das
2435 3434 2583 3499 Ver-

385 3542 574 3621 bum,
627 3564 693 3632 p.
753 3542 880 3634 55)
927 3545 1294 3613 secundum
1341 3543 1656 3633 analogiae
1698 3543 1908 3631 legem
1962 3541 2357 3609 informatos
2408 3560 2573 3609 esse.

378 3646 468 3716 De
496 3671 627 3738 quo
665 3647 879 3719 libens
911 3650 1294 3720 doctissimo
1332 3651 1472 3720 viro
1505 3650 1859 3729 assentior,
1894 3648 2025 3717 nisi
2058 3649 2231 3737 quod
2264 3648 2570 3728 alterum,-

385 3762 579 3825 sextae
629 3756 777 3828 dico
817 3758 1048 3828 classis
1093 3758 1616 3850 conjunctivum,
1662 3758 2025 3849 genuinum
2072 3778 2213 3825 esse
2247 3756 2572 3826 existimot

379 3862 503 3933 Sed
534 3867 614 3935 de
646 3867 772 3935 hoc
808 3867 879 3935 in
922 3866 1133 3958 capite
1180 3866 1279 3935 IV.
1326 3867 1640 3935 Secundae
1684 3866 1887 3954 igitur
1930 3864 2162 3934 classis
2206 3864 2573 3954 conjuncti*

382 3997 562 4056 vum,
596 3977 992 4069 particula'a
1021 3974 1227 4045 radici
1259 3977 1454 4044 nudae
1495 3976 1727 4043 suffixa
1758 3974 2215 4053 informatum,
2250 3973 2575 4063 explicare

378 4083 537 4153 satis
579 4084 774 4155 hahet
826 4084 1110 4154 Curtius.
1147 4081 1356 4174 Hujus
1393 4082 1854 4173 descriptionis
1896 4084 2119 4152 thema
2155 4084 2332 4153 haud
2382 4092 2570 4152 secus

379 4214 456 4262 ac
491 4193 832 4284 praesentis
867 4193 1207 4262 indicativi
1250 4193 1541 4261 themata
1576 4192 1648 4260 in
1690 4192 1923 4261 ceteris
1953 4190 2275 4261 classibus
2304 4212 2423 4282 pro
2458 4212 2573 4280 nof

375 4300 555 4370 mine
586 4302 840 4393 agentis
891 4300 1155 4392 accipit.
1193 4299 1435 4370 Eadem
1469 4307 1590 4383 est,
1643 4300 1924 4391 exempli
1972 4322 2194 4378 causa,
2236 4297 2571 4368 indicativi
