3234 5150
1252 497 1531 552 ...75-

300 623 429 690 alio
460 623 807 700 deducere,
856 624 967 690 sed
1002 623 1197 692 etiam
1230 623 1705 692 sententiarum
1737 625 2030 713 ipsarum
2067 624 2256 712 quasi
2285 644 2474 713 gene-

300 731 425 798 sim
452 730 778 820 explicare
808 736 1080 798 conatus
1108 731 1215 808 sit,
1255 731 1343 798 ita
1375 732 1564 798 nobis
1592 731 2288 821 negligendavidctur.
2323 731 2482 798 Con-

294 838 573 926 junctivi
630 839 807 905 enim
848 847 907 905 et
954 839 1220 927 optativi
1270 861 1432 906 usus
1482 839 1550 905 in
1594 838 1934 906 sententiis
1977 839 2163 906 alteri
2218 838 2480 906 cuidam
2551 925 2559 934 ·

304 945 614 1035 subjectis
648 946 781 1013 fere
811 946 1012 1014 iidem
1048 947 1339 1023 fuerunt,
1381 947 1515 1015 sive
1543 968 1906 1036 pronomen
1940 946 2311 1020 relativum,
2351 947 2486 1015 sive

256 1053 734 1141 ,conjunctivae
791 1053 1129 1142 particulae
1164 1054 1696 1142 conjunctionem
1739 1053 2120 1129 effecerunt,
2166 1059 2229 1120 et
2273 1054 2485 1122 critici

300 1167 558 1229 tanturn
590 1167 811 1250 partes
841 1161 1053 1250 agenti
1088 1161 1242 1228 licet
1278 1161 1700 1250 partitionem
1730 1161 2029 1228 omittere
2071 1184 2198 1250 qua
2230 1151 2484 1230 servata

302 1292 434 1336 una
462 1275 526 1337 et
552 1270 780 1336 eadem
812 1290 1088 1336 censura
1120 1269 1221 1335 his
1252 1269 1602 1358 repetenda
1633 1269 1742 1335 sit.

388 1376 602 1443 Altera
638 1382 735 1444 est
766 1376 941 1465 apud
975 1377 1441 1444 Delbruckium
1489 1375 1868 1466 partitionis
1915 1376 2106 1449 ratio,
2159 1398 2366 1464 quum
2411 1377 2480 1445 in

302 1482 617 1560 relativiS,
640 1489 783 1550 tum
812 1482 879 1549 in
906 1483 1249 1551 sententiis
1274 1484 1713 1572 conjunctivis
1740 1483 2086 1573 particulis
2111 1483 2477 1564 instructis,

304 1591 596 1659 adhibita
628 1614 642 1656 ε
690 1613 928 1681 nempe
962 1595 1433 1679 posteriorum,
1470 1593 1712 1681 quibus
1745 1591 1995 1680 aliquid
2027 1593 2378 1680 posteriUS,
2419 1600 2483 1661 et

294 1702 628 1787 priorum,
666 1699 907 1787 quibus
941 1699 1191 1786 aliquid
1221 1699 1407 1787 prius
1447 1699 1842 1788 exprimitur
1871 1721 2072 1787 quam
2104 1701 2279 1788 quod
2321 1721 2483 1789 prae-

303 1809 497 1898 cipua
528 1807 849 1875 sententia
877 1806 1272 1874 declaratur.
1296 1807 1439 1874 Haec
1461 1806 1730 1895 quidem
1757 1807 1934 1874 haud
1963 1807 2178 1896 inepta
2208 1813 2271 1874 et
2291 1808 2482 1875 nobis

272 1915 371 1982 in
400 1922 705 1981 secutura
736 1913 1183 2002 disputatione
1214 1913 1551 1982 brevitatis
1580 1936 1776 1982 causa
1802 1915 2146 1993 servanda,
2181 1916 2484 2004 quamvis
2573 2001 2578 2005 p

304 2021 431 2088 alia
464 2021 565 2087 vel
596 2021 676 2087 ad
704 2020 1109 2109 propositam
1143 2021 1572 2109 quaestionem
1601 2015 2154 2090 accommodatior
2187 2023 2481 2090 animum

304 2129 557 2199 subeat.
603 2127 949 2196 Sententiae
977 2129 1155 2196 enim
1190 2130 1500 2218 subjectae
1533 2136 1647 2198 aut
1675 2131 1763 2198 ita
1793 2131 1936 2198 laxe
1971 2153 2124 2198 cum
2154 2132 2483 2221 praecipua

306 2236 805 2324 conjunguntur
838 2242 910 2303 ut
946 2237 1277 2326 praecipua
1312 2259 1462 2306 vere
1491 2260 1610 2326 per
1639 2260 1707 2306 se
1747 2245 1920 2306 stare
1961 2239 2192 2329 possit,
2239 2245 2352 2308 aut
2393 2239 2483 2306 ita

306 2349 481 2411 arcte
512 2349 586 2410 ut
619 2343 761 2432 ipsa
787 2343 1113 2433 praecipua
1139 2345 1359 2411 forsan
1384 2367 1516 2412 non
1544 2345 1765 2412 minus
1791 2367 1827 2413 e
1851 2346 2145 2434 sthecta
2176 2346 2477 2435 pendeat,

306 2462 504 2540 quam
527 2451 665 2518 haec
692 2471 769 2517 ex
796 2450 934 2517 illa.
968 2451 1208 2518 Prioris
1238 2452 1507 2539 quidem
1540 2452 2002 2541 descriptionis
2035 2455 2366 2543 subjectas
2389 2454 2480 2521 ita

307 2557 724 2647 interpretari
756 2566 832 2625 ut
865 2579 983 2647 per
1013 2580 1081 2625 se
1116 2557 1272 2647 ipsae
1310 2564 1481 2626 stare
1510 2558 1870 2647 fingantur,
1902 2560 2069 2628 nihil
2107 2567 2284 2629 certe
2312 2561 2380 2628 in
2417 2582 2485 2629 se

305 2666 498 2733 habet
543 2664 837 2732 absurdi.
885 2665 1178 2754 Reliquis
1216 2672 1436 2733 autem
1466 2668 1577 2753 jus
1615 2668 1960 2757 proprium
1997 2670 2315 2737 vindicari
2350 2691 2484 2737 non

305 2776 516 2861 potest
542 2770 671 2837 nisi
701 2771 913 2859 ipsius
941 2770 1289 2860 praecipuae
1314 2794 1545 2840 sensus
1571 2782 1683 2841 aut
1711 2773 2010 2842 funditus
2037 2780 2355 2853 mutetur,
2372 2782 2485 2843 aut

231 2923 241 2935 ·
306 2880 501 2947 etiam
536 2879 763 2947 nullus
798 2879 934 2946 fiat.
976 2881 1044 2945 In
1084 2880 1189 2947 his
1228 2880 1431 2969 igitur
1461 2883 1672 2949 multo
1705 2883 1916 2968 magis
1951 2884 2148 2951 etiam
2181 2905 2378 2971 quam
2414 2884 2480 2952 in

306 2989 439 3056 illis
476 2989 826 3055 modorum
872 3009 908 3053 a
950 2987 1341 3054 Delbruckio
1375 2990 1709 3077 proposita
1748 2990 2200 3079 interpretatio
2237 2991 2486 3059 claudi-

307 3118 454 3164 care
477 3096 759 3163 videtur.
794 3095 917 3162 Sed
938 3095 1077 3161 haec
1100 3117 1251 3161 mox
1272 3095 1614 3183 liquidius.
1641 3098 1939 3163 Ceterum
1967 3120 2174 3185 quum
2193 3100 2480 3185 priores,

308 3224 469 3290 quas
494 3210 699 3279 vocat,
726 3202 1063 3269 sententiae
1092 3201 1225 3268 fere
1254 3224 1507 3281 omneS,
1535 3203 1617 3270 iis
1643 3204 1904 3271 omissis
1931 3226 2074 3293 quae
2101 3204 2482 3273 similitudi-

308 3332 461 3377 nem
490 3310 892 3397 exprimunt,
918 3311 1304 3375 necessariae
1336 3310 1491 3386 sint,
1525 3310 1593 3377 id
1622 3316 1718 3379 est
1747 3332 1837 3378 eae
1875 3311 2116 3400 quihus
2155 3313 2484 3402 praecipua

310 3438 531 3485 carere
574 3421 878 3505 nequeat,
910 3419 1308 3504 posteriores
1341 3424 1560 3485 autem
1592 3418 1792 3485 modo
1827 3419 2234 3497 necessariae,
2288 3420 2484 3487 modo

310 3548 443 3593 non
472 3526 880 3601 necessariae,
918 3525 1255 3614 aptissime
1285 3526 1538 3615 priores
1567 3527 1636 3593 in
1665 3528 1937 3594 alteram
1969 3529 2170 3615 hujus
2199 3528 2486 3617 disputa-

311 3632 507 3699 tionis
539 3638 792 3720 partem
824 3631 1149 3709 differam,
1185 3632 1265 3699 de
1304 3634 1780 3722 posterioribus
1816 3634 2113 3723 protinus
2149 3634 2238 3701 ita
2267 3634 2483 3703 dicam

311 3744 385 3807 ut
417 3760 550 3806 non
578 3737 961 3805 necessariae
986 3739 1375 3807 necessariis
1404 3741 1816 3808 antecedant.

397 3847 469 3911 In
523 3845 1019 3935 posterioribuS,
1073 3867 1189 3913 seu
1231 3847 1644 3923 necessariis,
1700 3868 1815 3913 seu
1873 3870 2004 3914 non
2069 3850 2480 3925 necessariis,

312 3952 796 4041 conjunctivus,
843 3951 1230 4018 Delhruckio
1259 3953 1505 4040 judice,
1541 3952 1850 4041 primitus
1899 3960 2013 4020 aut
2053 3955 2481 4033 voluntatem,

314 4067 451 4138 aut,
486 4080 683 4148 quam
715 4056 1114 4145 conjunctivi
1143 4058 1469 4125 minutam
1490 4058 1624 4125 vim
1647 4078 1789 4124 esse
1813 4059 2178 4147 profitetur,
2225 4081 2487 4149 exspec-

312 4166 626 4233 tationem
674 4162 1086 4251 significavit,
1136 4165 1313 4231 haud
1353 4187 1540 4233 secus
1572 4172 1766 4253 atque
1798 4166 1866 4233 in
1898 4168 2234 4235 sententiis
2274 4190 2390 4257 per
2419 4191 2488 4237 se

316 4274 661 4351 stantibus,
698 4294 904 4361 quum
951 4278 1016 4339 et
1062 4272 1211 4339 illas
1257 4274 1566 4362 primitus
1599 4296 1718 4364 per
1761 4296 1828 4342 se
1863 4278 2116 4353 stetisse
2163 4276 2386 4365 fingat.
2439 4278 2486 4345 E

314 4382 646 4448 voluntate
680 4386 898 4448 autem
930 4381 1309 4459 consilium,
1334 4403 1412 4449 ex
1444 4382 1922 4471 exspectatione
1951 4385 2486 4471 consequentiam
