3234 5150
1547 375 1720 430 -88
1761 353 1833 416 -“

594 513 871 590 στυγερῶς
911 505 1166 596 πολέμου
1206 505 1613 590 ἀπερωήσειας.
1662 490 1822 577 Imo,
1861 505 1937 568 ut
1972 500 2042 568 in
2074 498 2292 589 priore
2341 498 2636 589 exemplo
2671 519 2780 592 op·-

596 589 793 680 tativo
828 607 970 676 sine
1014 614 1065 676 εἰ
1102 606 1393 675 conditio
1423 606 1703 696 exprimi
1741 607 1978 696 potuit,
2015 607 2102 676 ita
2146 607 2215 675 in
2255 613 2566 696 sequente
2595 614 2777 696 opta-

599 715 729 782 tivo
769 734 925 781 cum
959 718 1301 786 elmerum
1346 717 1574 780 votum
1606 710 1996 798 exprimitur
2031 734 2045 776 :
2093 720 2148 790 ζ,
2193 711 2348 790 244,
2392 717 2466 778 At
2502 717 2613 798 γὰρ
2655 715 2780 794 ἐμοὶ

597 827 808 891 τοιόσδε
839 829 995 900 πόσις
1040 825 1394 904 κεκλημένος
1423 823 1535 902 εἴη.
1566 815 1865 884 Proxima
1896 817 2098 906 igitur
2130 817 2399 885 omnino
2417 815 2514 884 “in
2553 816 2778 906 lingua

598 939 808 1020 graeca
846 927 1151 996 videntur
1184 947 1326 994 esse
1364 932 1587 994 votum
1637 923 1726 992 et'
1750 925 2062 994 conditio.
2093 926 2215 994 Sed
2251 926 2323 994 in
2357 928 2480 995 hae
2523 933 2778 994 senten-

600 1037 716 1114 tia,
748 1066 802 1114 σ,
832 1035 985 1106 586,
1008 1035 1159 1120 Alea
1192 1043 1259 1103 κέ
1292 1061 1377 1102 τοι
1404 1038 1472 1100 τὰ
1500 1040 1760 1120 θύρετρα,
1799 1039 1890 1100 καὶ
1928 1038 2092 1121 εὐρέα
2117 1062 2222 1121 περ
2251 1033 2402 1118 μάλ’
2422 1041 2616 1110 ἐόντα,
2661 1041 2783 1120 φεύ-

600 1171 753 1233 γοντι
784 1151 1042 1214 στείνοιτο
1070 1143 1141 1212 ’δι’
1162 1149 1231 1211 ἐκ
1258 1148 1553 1230 προθύροιο
1584 1145 1805 1228 θύραζε,
1837 1139 2205 1218 mendum&
2237 1147 2309 1208 ut
2337 1140 2476 1229 ipse
2509 1141 2601 1208 ait
2645 1139 2786 1210 Del-

602 1250 921 1320 bruekius
974 1252 1068 1342 (p.
1119 1249 1304 1340 241),
1353 1269 1486 1317 non
1533 1245 1605 1314 in
1651 1267 1726 1315 eo
1779 1267 2004 1315 rerum
2059 1254 2232 1317 statu
2284 1254 2384 1318 est
2428 1255 2502 1317 ut
2538 1247 2784 1339 Ulyssis

606 1360 892 1429 reditum
944 1365 1144 1449 optet,
1196 1364 1259 1426 et
1298 1356 1369 1424 in
1412 1353 1782 1423 innumeris
1827 1355 1974 1424 aliis
2021 1356 2126 1425 vix
2173 1357 2394 1427 minus
2429 1357 2558 1426 voti
2602 1357 2806 1430 notio.

606 1477 775 1536 eum‘
805 1488 1002 1536 sensu
1048 1462 1442 1533 conditionis
1488 1467 1758 1552 pugnat.
1805 1461 1970 1529 Fieri
2017 1484 2151 1531 non
2209 1465 2419 1554 potuit
2461 1463 2623 1554 quin
2667 1463 2784 1534 ali·

609 1573 872 1664 quando
919 1571 1207 1641 conditio
1256 1576 1472 1659 optata
1504 1569 1693 1644 foret,
1737 1568 1880 1638 imo
1922 1570 2083 1658 quin
2118 1592 2156 1640 e
2194 1591 2376 1647 mera
2411 1561 2816 1646 conditiones

512 1685 519 1697 ¹
610 1701 937 1771 expressa,
981 1686 1056 1748 ut
1097 1679 1166 1747 in
1194 1687 1267 1747 Αἲ
1293 1685 1404 1767 γὰρ
1436 1682 1560 1762 ἐμοὶ
1584 1682 1795 1746 τοιόσδε
1822 1684 1977 1757 πόσις
2016 1685 2367 1764 κεκλημένος
2411 1684 2522 1764 εἴη,
2561 1683 2785 1759 votum

609 1785 1001 1856 efficeretur.
1058 1785 1220 1854 Nam
1265 1783 1367 1852 vel
1403 1782 1641 1872 gallica
1683 1783 2004 1852 sententia
2062 1811 2094 1848 α
2137 1785 2202 1852 Si
2250 1807 2342 1856 un
2388 1785 2478 1852 tel
2520 1786 2788 1852 homme

610 1895 766 1964 etait
804 1893 1033 1985 appele
1074 1913 1232 1960 mon
1262 1895 1474 1980 epoux
1499 1914 1532 1953 »
1590 1887 1764 1978 (vide
1811 1892 1988 1980 apud
2026 1891 2248 1982 ipsum
2285 1889 2781 1969 Delbruokium,
2825 1940 2834 1946 -

612 2027 678 2094 p.
713 2003 850 2093 72),
882 2007 1110 2071 votum
1143 1998 1419 2090 exprimi
1454 2000 1689 2085 potest,
1722 1999 2023 2086 quamvis
2061 2000 2204 2090 ipsa
2239 2000 2452 2072 forma
2486 2000 2655 2070 nihil
2703 2000 2790 2068 sit

615 2110 743 2202 nisi
774 2107 1169 2178 conditionis
1206 2103 1581 2175 declaratio.
1614 2102 1704 2170 Ex
1737 2102 1952 2173 allatis
1983 2106 2185 2196 igitur
2215 2108 2559 2198 exemplis,
2590 2107 2789 2184 nihil,

615 2224 691 2286 ut
719 2217 975 2307 opinor,
1014 2214 1271 2284 hauriri
1314 2217 1526 2303 potest
1555 2230 1687 2299 quo
1725 2209 2097 2282 Delbruekii
2151 2214 2602 2305 interpretatio
2635 2235 2791 2283 con-

617 2325 939 2392 firmetur.
1122 2395 1127 2398 ,
1428 2389 1433 2392 ,

705 2427 926 2496 Restat
972 2433 1047 2495 ut
1084 2427 1433 2497 amborum
1485 2428 1838 2498 modorum
1869 2449 2102 2498 sensus
2143 2429 2316 2496 inter
2345 2450 2416 2496 se
2452 2428 2794 2498 conferan-

616 2543 751 2604 tur.
794 2534 910 2604 Vel
958 2535 1029 2603 in
1084 2555 1294 2625 graeca
1342 2535 1566 2625 lingua
1611 2558 1718 2608 res
1760 2558 1894 2607 non
1946 2536 2094 2605 fieta
2152 2542 2440 2615 tantum,
2507 2537 2620 2605 sed
2673 2557 2794 2627 pro

619 2644 842 2712 futura
892 2643 1035 2712 sine
1073 2643 1272 2711 dubio
1318 2644 1562 2722 habita,
1617 2652 1692 2713 ut
1733 2644 2152 2735 conjunctivo
2196 2673 2252 2728 0,
2300 2646 2455 2723 446,
2499 2643 2666 2715 Ἀλλ’
2703 2652 2796 2711 ὅτε

618 2779 718 2821 κεν
744 2758 812 2837 δὴ
838 2762 969 2834 νηῦς
987 2757 1157 2835 πλείη
1188 2759 1384 2821 ὄι-ὁτοιο
1410 2760 1664 2841 γένηται,
1703 2758 1946 2843 ἀγγελίη
1977 2780 2068 2837 μοι
2095 2758 2286 2822 ἔπειτα
2317 2761 2462 2832 θοῶς
2495 2758 2555 2831 ἐς
2581 2750 2803 2837 δώμαθ’

492 2942 497 2951 ,
621 2862 847 2942 ἱκέσθω,
877 2857 966 2925 ita
1014 2857 1297 2947 optativo
1328 2880 1590 2948 quoque
1622 2857 1942 2929 declarari
1971 2866 2204 2948 potest,
2249 2869 2320 2944 Σ,
2363 2860 2529 2937 464,
2583 2866 2651 2929 Al
2691 2865 2802 2947 γὰρ

623 2993 713 3051 μιν
745 2973 1000 3034 θανάτοιο
1030 2972 1299 3053 δυσηχέος
1332 2968 1441 3033 ὧδε
1470 2972 1733 3053 δυναίμην
1774 2976 1956 3053 νόσφιν
2003 2973 2338 3057 ἀποκρύψαι,
2375 2975 2469 3036 ὅτε
2509 2994 2598 3051 μιν
2633 2974 2804 3054 μέρος

622 3078 771 3151 αἰνὸς
800 3078 997 3141 ἱκάνοι.
1044 3072 1375 3142 Vulcanus
1426 3074 1604 3141 enim
1652 3095 1808 3142 non·
1831 3073 2091 3147 dubitat
2151 3073 2312 3164 quin
2358 3071 2642 3143 Achilles
2684 3072 2802 3145 ali-.-
2859 3070 2862 3073 ’

603 3178 887 3268 ,quando
917 3178 1252 3270 periturus
1282 3182 1388 3251 sit.
1420 3182 1603 3251 Haud
1633 3187 1852 3257 tamen
1882 3182 2302 3254 infitiandum
2328 3188 2426 3250 est
2458 3178 2802 3272 posteriori

626 3282 963 3351 sententiae
1000 3282 1435 3353 infirmiorem
1476 3292 1540 3355 et
1587 3286 1774 3375 quasi
1827 3286 2292 3355 modestiorem
2351 3308 2551 3376 quam
2596 3282 2804 3377 priori

626 3392 841 3460 inesse
866 3388 1076 3459 futuri
1124 3390 1654 3471 affirmationem,
1699 3399 1763 3461 et
1810 3393 1989 3461 modi
2037 3393 2226 3482 quasi
2273 3393 2806 3467 urbaniorisusu

626 3518 975 3590 personam
1008 3496 1388 3587 loquentem
1417 3499 1761 3589 providere
1789 3522 1873 3569 ne
1909 3500 2198 3568 Thetidis
2231 3500 2464 3576 matris
2509 3491 2802 3574 dolorem

628 3604 1077 3675 vehementius
1110 3612 1388 3675 moveat.
1426 3606 1550 3675 Sed
1579 3607 1690 3675 hie
1721 3614 1821 3676 est
1859 3608 2223 3698 exquisitus
2261 3608 2443 3681 color
2475 3628 2606 3695 quo
2649 3604 2805 3675 nul-

628 3712 771 3780 lum
818 3712 969 3801 jure
1012 3713 1222 3802 magis
1274 3713 1515 3805 linguae
1580 3736 1808 3804 graecae
1867 3714 2187 3783 vindicari
2228 3736 2420 3809 posse
2463 3713 2802 3792 concedeS,

629 3818 731 3888 vel
779 3818 834 3886 si
870 3818 1093 3887 minus
1136 3820 1254 3888 tihi
1286 3822 1728 3911 approbavere
1775 3844 1922 3912 quae
1954 3822 2034 3890 de
2060 3822 2410 3893 modorum
2449 3844 2576 3889 usu
2606 3821 2677 3888 in
2705 3842 2811 3890 ce·

628 3925 788 3995 teris
833 3925 1311 4028 indoeuropaeis
1372 3927 1620 4019 linguis
1669 3928 1871 3996 mixto
1921 3950 2119 4018 supra
2175 3929 2267 4019 (p.
2333 3929 2446 4019 68)
2499 3926 2806 4009 disserui.

630 4036 773 4132 Jam
799 4056 835 4106 e
862 4033 1241 4129 sanseritica
1272 4035 1496 4125 lingua
1526 4037 1760 4104 hausta
1791 4036 2190 4125 conjunctivi
2219 4043 2285 4105 et
2311 4036 2580 4127 optativi
2607 4056 2814 4103 exem-

634 4142 743 4233 pla
787 4141 959 4211 inter
996 4162 1064 4239 se
1104 4142 1708 4231 conferendadsunt.
1751 4142 2344 4237 Futurum.in„hoe
2371 4143 2817 4232 quidemsson·

630 4245 951 4349 junetiym
975 4248 1127 4349 Qut.
1160 4249 1278 4315 Br.
1319 4248 1379 4328 1,
1415 4250 1480 4345 8,
1521 4248 1664 4340 1,5,
1697 4250 2106 4343 kumbhya'm
2135 4254 2380 4340 md'fflsse
2405 4250 2814 4335 bibliam-msc·
