3234 5150
1597 491 1941 548 ...ἥδ-..-Η

647 624 802 700 cet..
852 617 1202 687 manifesto
1243 623 1536 708 apparet,
1596 623 1663 686 et
1716 618 1910 709 apud
1951 617 2173 707 ipsum
2219 615 2519 684 Curtium
2581 613 2829 704 legitur

649 726 1090 816 (Grundzit'qe,
1125 749 1190 817 p.
1231 725 1368 815 66).

735 833 811 902 Ut
836 835 1105 925 perfecti
1127 833 1386 904 literam
1416 863 1478 915 κ,
1507 831 1597 903 ita
1634 831 1875 926 passivi
1904 832 2136 914 futuri,
2173 832 2426 914 aoristi,
2461 830 2827 902 formarum

646 948 1014 1011 ceterarum
1068 942 1330 1012 literam
1387 950 1419 1009 θ
1451 940 1989 1010 denominativis
2038 939 2499 1010 annumeravit
2570 939 2830 1008 Curtius

648 1048 870 1137 (ibid.,
901 1071 968 1138 p.
1016 1049 1130 1138 66)
1181 1072 1196 1115 :
1233 1069 1434 1138 quam
1473 1054 1697 1117 tamen
1735 1047 1816 1118 ad
1856 1046 2147 1117 radicem
2194 1049 2326 1115 dha
2358 1073 2392 1112 «
2430 1047 2644 1116 facere
2672 1072 2733 1124 »,
2765 1051 2833 1114 et

645 1162 805 1226 tunc
823 1155 1071 1238 retulit,
1097 1161 1162 1227 et
1194 1156 1576 1226 etiamnunc
1607 1157 1769 1246 (Das
1801 1157 2099 1235 Verbum,
2124 1177 2190 1245 p.
2236 1154 2366 1223 549
2398 1154 2569 1243 seq.)
2600 1152 2825 1221 refert.
2874 1189 2879 1192 ·

643 1263 906 1332 Nomini
963 1264 1141 1333 enim
1201 1271 1378 1353 ἄχθος
1421 1262 1724 1333 eamdem
1764 1272 1796 1331 θ
1845 1263 2061 1332 inesse
2100 1269 2296 1353 atque
2336 1261 2555 1330 verbo·
2591 1266 2835 1348 ἄχθομαι

643 1392 797 1439 cum
856 1379 1093 1460 ἄχνυμαι
1157 1378 1562 1462 comparato,
1640 1370 2067 1440 manifestum
2126 1377 2249 1450 est,
2310 1376 2375 1438 et
2426 1368 2635 1439 literae
2692 1375 2725 1434 θ
2763 1364 2833 1432 in

644 1481 889 1566 ἄχθομαι
926 1485 992 1547 et
1019 1485 1224 1563 ἐλύθην
1272 1501 1403 1548 non
1449 1479 1759 1548 eumdem
1806 1500 1950 1548 esse
1994 1499 2221 1558 usum,
2274 1476 2562 1546 similem
2611 1481 2830 1544 autem

643 1584 850 1655 fuisse
888 1585 1234 1676 originem,
1271 1586 1372 1657 vel
1407 1587 1548 1678 ipse
1574 1588 1922 1656 contendo.
1967 1586 2397 1656 Communem
2445 1605 2597 1654 vero
2626 1582 2832 1652 nomi·
2936 1643 2951 1656 .

642 1691 837 1762 nibus
875 1701 938 1762 et
989 1693 1206 1764 verbis
1241 1694 1502 1764 literam
1552 1695 1750 1765 verbo
1788 1694 2095 1764 auxiliari
2134 1693 2452 1779 tribuere,
2496 1699 2573 1760 ut
2619 1691 2834 1759 docto·

644 1797 737 1868 ris
782 1800 967 1870 Pauli
1018 1802 1354 1870 sentcntiae
1397 1809 1912 1872 consentaneum
1959 1810 2081 1882 est,
2130 1801 2246 1892 qui
2286 1799 2830 1892 compositionem

645 1906 974 1976 verbalem
1022 1929 1059 1976 e
1106 1907 1440 1977 radicibus
1495 1916 1610 1977 aut
1662 1910 2066 1979 thematibus
2113 1908 2313 1978 nudis
2350 1907 2656 1977 effectam
2690 1925 2833 1981 esse

643 2014 999 2096 existimat,
1041 2017 1133 2085 ita
1177 2038 1331 2086 cum
1381 2017 1586 2086 Curtii
1640 2016 1935 2088 doctrina
1999 2039 2238 2108 parum
2298 2015 2625 2107 congruit,
2687 2013 2825 2104 qui,

644 2121 713 2188 ni
745 2123 963 2204 fallor,
999 2124 1319 2194 auxiliare
1347 2127 1503 2204 ἀὴᾱ,
1538 2126 1719 2195 haud
1753 2147 1944 2196 secus
1974 2147 2050 2194 ac
2078 2132 2295 2202 cetera
2340 2123 2455 2214 (Cf.
2508 2125 2645 2192 Das
2685 2123 2832 2188 Ver-

642 2230 823 2309 bum,
853 2254 918 2321 p.
957 2231 1142 2322 550),
1172 2232 1635 2321 personalibus
1658 2233 2237 2306 terminationibus
2261 2233 2403 2322 jam
2430 2231 2830 2300 instructum

645 2359 798 2422 cum
829 2339 1118 2407 themate
1146 2345 1263 2414 aut
1313 2339 1532 2408 radice
1583 2340 1767 2408 verbi
1804 2339 2204 2431 praedicativi
2240 2338 2567 2408 coaluisse
2616 2334 2827 2431 finxit.

731 2443 930 2513 Multo
977 2443 1182 2534 igitur
1226 2445 1488 2516 cautius
1523 2453 1587 2516 et
1620 2447 1923 2516 securius
1953 2468 2142 2537 agere
2177 2445 2343 2514 mihi
2371 2444 2597 2514 videor
2624 2464 2832 2534 quum

646 2559 852 2639 totam
892 2553 972 2623 de
1017 2553 1677 2624 determinativorum
1722 2555 1977 2645 origine
2020 2554 2449 2648 quaestionem
2494 2552 2827 2623 differam.

646 2651 780 2732 [mo
810 2662 1176 2754 prudentiae
1205 2666 1406 2755 hujus
1428 2665 1763 2756 exemplar
1790 2666 1980 2734 nobis
2011 2665 2352 2755 proposuit
2376 2663 2521 2755 ipse
2544 2661 2827 2740 CurtiuS,

649 2770 948 2860 quamvis
971 2774 1194 2861 'neque
1225 2771 1603 2840 absolutum
1626 2791 1840 2863 neque
1858 2773 2253 2864 perfectum,
2280 2795 2488 2862 quum
2510 2772 2695 2841 illam
2724 2770 2833 2839 de-

647 2879 1248 2962 terminativorum,
1287 2886 1556 2972 excepto
1586 2903 1721 2948 uno
1752 2886 1817 2949 et
1846 2880 2075 2960 altem,
2116 2880 2439 2971 originem
2484 2880 2831 2965 obscuram

644 3008 792 3056 esse
825 2988 1184 3077 agnoverit.
1236 2990 1374 3057 Non
1409 2987 1786 3057 absolutum
1818 2989 2157 3079 exemplar
2206 2989 2378 3069 dico,
2412 3010 2621 3077 quum
2657 2984 2836 3055 simi-

647 3094 816 3163 lium
846 3096 1117 3165 omnino
1153 3095 1661 3176 elementorum,
1686 3097 1842 3165 -nisi
1877 3118 2009 3165 una
2046 3103 2111 3164 et
2142 3096 2371 3165 eadem
2407 3098 2709 3164 omnium
2736 3093 2839 3161 in·

649 3204 1027 3293 terpretatio
1063 3198 1288 3272 afferri
1335 3205 1877 3294 possit,·fortassc
1908 3204 2114 3273 satius
2144 3206 2230 3273 sit
2272 3203 2529 3273 nullam
2568 3203 2829 3273 afferre.
2872 3208 2879 3215 ’

649 3310 862 3380 Donec
891 3311 1080 3379 litera
1101 3336 1174 3399 p,
1205 3312 1486 3403 exempli
1516 3334 1740 3392 causa,
1776 3312 2315 3382 sanseriticorum
2346 3312 2833 3383 causativorum

652 3422 726 3483 ut
757 3418 1076 3507 dapayati
1108 3440 1143 3487 c
1175 3418 1395 3487 radice
1428 3421 1516 3486 ἀᾱ
1547 3445 1579 3485 «
1600 3420 1843 3499 dare»,
1870 3427 1935 3488 et
1966 3420 2094 3489 alia
2122 3442 2255 3489 non
2284 3420 2508 3488 minus
2526 3419 2829 3495 obscura,

655 3530 766 3591 aut
816 3525 894 3593 ad
939 3525 1162 3617 thema
1191 3526 1672 3617 pronominale,
1708 3534 1822 3597 aut
1856 3528 1937 3595 ad
1980 3528 2255 3596 verbum
2291 3526 2608 3595 auxiliare
2636 3516 2838 3615 quod-

656 3630 1506 3723 dam,·probabili·quidem
1557 3634 1838 3714 ratione,
1874 3656 2006 3703 non
2036 3633 2243 3703 relata
2270 3641 2490 3713 erunt,
2526 3633 2607 3703 de
2635 3631 2839 3703 deter-

656 3738 970 3808 minative
1014 3768 1052 3808 κ
1083 3740 1166 3808 ad
1191 3742 1413 3809 thema
1444 3742 1927 3831 pronominale‚
1960 3747 2025 3809 et
2048 3741 2128 3809 de
2153 3740 2655 3811 determinative
2688 3748 2737 3813 θ,
2758 3735 2840 3807 ad

655 3848 930 3916 verbum
947 3847 1276 3945 auxiliare
1300 3850 1647 3919 referendo
1674 3851 1849 3918 malo
1880 3858 2121 3919 tacere.
2756 3900 2762 3907 -

741 3955 1240 4025 Determinativa
1277 3978 1448 4051 sae-pe
1471 3955 1712 4035 radici,
1752 3976 1887 4023 non
1928 3954 2251 4045 proxime,
2292 3950 2405 4023 sed
2450 3949 2837 4045 interposita

654 4064 866 4134 vocali
897 4064 1204 4155 quadam,
1237 4065 1592 4144 adhaerent,
1631 4084 1844 4153 neque
1870 4061 1985 4131 illa
2016 4069 2275 4134 tantum
2306 4086 2343 4135 a
2387 4062 2607 4131 Curtio
2636 4058 2850 4131 relata

659 4174 737 4241 ad
759 4173 1059 4242 suffixam
1095 4172 1489 4263 particulam
1517 4178 1592 4239 ut
1619 4201 1657 4240 κ
1684 4172 1753 4239 in
1787 4177 1957 4239 ὄλεκ-
1978 4172 2250 4261 (ὤλεκον)
2279 4192 2433 4240 cum
2456 4177 2528 4239 ὄλ
2550 4169 2840 4261 (ὀλοῦμαι)

658 4290 1061 4372 comparato,
1110 4290 1224 4351 aut
1271 4280 1354 4351 ad
1406 4280 1723 4350 auxiliare
1756 4280 2033 4349 verbum
2087 4288 2161 4349 ut
2194 4289 2225 4347 θ
2255 4279 2325 4347 in
2372 4285 2538 4351 ὲλυθ-
2578 4278 2842 4369 (ἤλυθον)

659 4397 1037 4479 comparato
1074 4412 1225 4460 cum
1261 4397 1354 4478 ἐρ·
1395 4389 1711 4479 (ἔρχομᾳι),
1753 4390 1864 4458 sed
1890 4410 2035 4477 quae
2070 4387 2211 4478 ipse
2245 4388 2477 4457 doctus
2528 4387 2624 4455 vir
2654 4386 2847 4456 inter-
