3234 5150
1384 432 1698 488 -155—

452 579 711 646 cunque
738 556 937 624 aliam
978 557 1236 625 literam
1273 558 1608 638 desinunt,
1649 558 1912 648 partitio
1951 581 2025 626 ex
2067 558 2365 648 analogia
2397 580 2626 628 secun-

448 666 547 734 dae
578 665 809 734 classis
842 664 1071 732 eodem
1098 666 1291 733 modo
1322 665 1905 735 demonstrabitur.
1989 729 2006 746 ,

534 763 810 862 Optativi
860 773 1082 840 thema
1130 772 1201 838 in
1240 773 1528 841 secunda
1567 781 1825 842 tantum
1851 775 2061 842 classe
2089 774 2451 863 genuinum
2482 797 2626 844 esse

320 917 325 922 -
437 881 580 969 jam
614 880 925 948 vidimus.
961 881 1049 948 De
1079 879 1486 969 oppositione
1515 879 1758 947 radicis
1783 883 1943 960 han,
1990 882 2273 971 exempli
2303 904 2522 960 causa,
2560 889 2624 950 et

441 988 750 1056 thematis
784 988 1055 1074 han-ya'
1094 987 1324 1054 eadem
1356 986 1580 1054 iterari
1620 995 1887 1077 possent
1917 1010 2060 1077 quae
2096 1011 2293 1078 supra
2318 990 2397 1057 de
2428 1011 2623 1079 oppo-

441 1095 677 1164 sitione
706 1095 1000 1184 ejusdem
1044 1095 1285 1163 radicis
1313 1102 1378 1163 et
1411 1095 1721 1163 thematis
1758 1096 2153 1184 conjunctivi
2193 1100 2402 1164 Ιιάη-ιι
2448 1098 2620 1166 dicta
2670 1145 2678 1153 -

440 1211 614 1271 sunt.
652 1203 1065 1270 Elementum
1100 1209 1318 1270 autem
1360 1215 1470 1290 ῃᾱ,
1519 1203 1633 1270 ubi
1664 1225 1781 1292 pro
1809 1204 1987 1270 modi
2028 1204 2213 1292 signo
2244 1205 2472 1272 haberi
2503 1228 2624 1273 coe-

438 1310 557 1400 pit,
607 1310 689 1377 ad
728 1296 999 1389 ceteras,
1048 1333 1257 1398 quum
1298 1309 1627 1393 secundae,
1670 1316 1814 1378 tum
1860 1312 2090 1400 primae
2137 1312 2622 1402 conjugationis

438 1416 705 1496 classes,
745 1424 809 1484 et
840 1417 919 1484 ad
949 1424 1321 1485 ceterorum
1348 1425 1722 1507 temporum
1755 1419 2042 1486 themata
2073 1420 2465 1486 translatum
2491 1428 2614 1489 est.

436 1525 745 1614 Ejusdem
776 1525 1002 1594 literas
1032 1527 1257 1593 ambas
1288 1525 1356 1592 in
1388 1547 1590 1592 unam
1635 1539 1662 1591 ’ἱ
1708 1527 2054 1606 coaluisse,
2093 1526 2386 1616 exemplo
2412 1527 2616 1595 Curtii

436 1631 608 1719 (vide
644 1654 841 1722 supra
876 1655 940 1722 p.
974 1633 1085 1722 54)
1101 1633 1242 1721 jam
1271 1654 1405 1699 non
1434 1632 1663 1700 dubito
1701 1654 2016 1701 asserere.
2041 1633 2315 1723 Signum
2347 1634 2616 1722 optativi

434 1739 523 1807 ita
558 1747 965 1809 contractum
999 1762 1127 1808 non
1159 1741 1373 1808 solum
1406 1740 1716 1809 exhibent
1745 1741 1941 1808 verba
1972 1740 2274 1808 secundae
2307 1740 2617 1829 conjuga-

433 1848 630 1916 tionis
665 1849 734 1916 in
766 1849 983 1916 medio
1009 1869 1273 1938 genere,
1317 1847 1429 1914 sed
1459 1870 1614 1916 cum
1649 1870 1692 1913 a
1721 1846 2032 1914 thematis
2066 1845 2300 1914 ultima
2327 1847 2398 1913 in
2427 1847 2615 1937 diph-

432 1955 673 2044 thongo
694 1978 750 2034 e,
784 1976 994 2044 graece
1021 1984 1070 2024 οι
1089 1955 1443 2022 conflatum
1475 1962 1738 2024 servant
1767 1954 1836 2021 in
1859 1962 2138 2044 utroque
2158 1975 2394 2041 genere
2421 1955 2612 2022 verba

432 2062 904 2152 conjugationis
938 2063 1193 2152 primae.

514 2169 559 2233 F
564 2170 766 2247 uturi‚
796 2170 1175 2238 sanseritice
1203 2169 1271 2236 in
1298 2170 1538 2257 syami,
1567 2192 1748 2257 sycw,
1783 2178 1958 2256 syrte,
1985 2188 2195 2255 graece
2223 2165 2295 2235 in
2325 2196 2428 2246 σω,
2468 2196 2606 2254 oete„

427 2303 507 2343 σει
536 2275 915 2355 desinentis,
955 2277 1130 2366 quod
1162 2277 1445 2366 optativo
1480 2275 1680 2344 affine
1703 2296 1843 2344 esse
1874 2275 2190 2353 diximuS‚
2228 2275 2606 2344 informatio

426 2406 559 2452 non
583 2384 851 2452 omnino
874 2383 1159 2471 genuina
1185 2381 1412 2451 haberi
1440 2390 1676 2472 potest,
1712 2404 1918 2471 quum
1939 2382 2230 2450 themata
2255 2383 2604 2452 nominum

424 2491 738 2580 primaria
766 2492 949 2560 nulla
984 2491 1054 2558 in
1090 2514 1211 2580 sya
1244 2490 1606 2559 desinentia
1645 2489 2050 2569 noverimuS‚
2086 2489 2140 2557 si
2171 2489 2460 2566 radicem
2493 2512 2608 2557 au-

423 2606 556 2667 tem
608 2599 1101 2667 determinativo
1145 2622 1175 2664 s
1224 2597 1409 2687 prius
1457 2604 1718 2665 auctam
1777 2618 1920 2664 esse
1976 2595 2366 2685 conjicimus
2427 2598 2605 2684 (vide

419 2730 486 2796 p.
524 2708 663 2795 59),
697 2708 1020 2798 posterius
1054 2706 1282 2775 suffixa
1318 2728 1406 2794 ya
1444 2703 1588 2773 fieri
1623 2700 1937 2793 potuerit;
1993 2726 2121 2793 qua
2163 2726 2370 2793 quum
2404 2706 2605 2793 parti-

418 2818 587 2908 cipia
631 2819 837 2887 futuri
869 2819 1062 2909 vulgo
1106 2816 1507 2901 efficiantur,
1543 2838 1621 2883 ex
1658 2816 1762 2883 his
1809 2815 2169 2905 participiis
2213 2838 2446 2884 rursus
2487 2838 2601 2884 no-

418 2926 594 2995 mina
641 2928 917 2995 actionis
967 2927 1111 2994 fieri
1146 2946 1335 3015 posse
1370 2926 1509 3013 jam
1553 2923 1865 2991 lectorem
1917 2924 2324 2990 monuimus.
2357 2923 2598 2992 Eadem

417 3035 648 3103 suffixa
681 3058 764 3125 ya
790 3037 860 3103 in
897 3035 1143 3115 aeolico,
1180 3033 1296 3122 qui
1331 3032 1599 3115 dicitur,
1641 3030 1926 3120 optativo
1957 3030 2234 3100 themati
2275 3030 2497 3099 aoristi
2528 3031 2599 3099 in

416 3172 475 3211 σε
508 3165 625 3231 pro
655 3167 732 3211 sa
759 3141 1083 3211 desinenti
1121 3141 1361 3230 (λύσεια)
1396 3139 1613 3206 addita
1643 3124 1869 3207 fuerit}

501 3252 668 3319 Illud
698 3251 1011 3319 ultimum
1048 3258 1148 3319 est
1175 3255 1401 3318 notare
1426 3269 1503 3315 eo
1542 3269 1804 3337 quoque
1840 3246 2106 3336 optativi
2143 3248 2406 3336 signum
2441 3269 2594 3315 cum

412 3358 663 3427 suffixis
718 3381 829 3447 μα,
886 3372 999 3448 ῃᾶ,
1042 3376 1424 3446 congruere,
1480 3354 1656 3443 quod
1713 3353 2138 3447 disyllabum,
2188 3351 2366 3420 haud
2405 3374 2593 3423 secus

410 3472 606 3553 atque
639 3465 767 3533 illae
800 3472 884 3555 (p.
914 3465 1066 3554 105)
1099 3463 1408 3554 primitus
1433 3461 1557 3529 fuit
1594 3462 1686 3550 (p.
1729 3460 1866 3549 14).
