3234 5150
1350 425 1666 481 —115-

408 548 632 617 vedica
688 556 907 616 autem
967 549 1165 617 etiam
1236 550 1305 618 in
1370 547 1782 618 affirmativis
1842 548 2184 616 sententiis
2233 556 2591 639 usurpatus

406 657 756 746 reperitur,
820 657 986 743 nihil
1027 664 1125 726 est
1166 657 1294 726 nisi
1344 657 1715 783 imperfecti
1764 664 1878 725 aut
1922 657 2147 730 aoristi
2197 657 2591 727 indicativus

408 771 759 854 augmento
787 764 1009 832 orbus.
1324 775 1334 780 ’

494 873 816 941 Hactenus
849 873 1217 964 imperativi
1248 873 1477 942 formae
1520 896 1803 962 quarum
1849 872 2344 942 terminationes
2375 873 2510 943 ab
2494 894 2594 942 111-

410 980 672 1050 dicativi
702 988 817 1050 aut
840 981 1242 1071 conjunctivi
1273 981 1852 1051 terminationibus
1885 1004 2017 1050 non
2051 981 2451 1072 discrepant.
2484 983 2592 1051 Ce-

408 1095 562 1158 terae
590 1089 907 1180 proprias,
945 1088 1441 1159 terminationes
1493 1088 1803 1158 exhibent
1834 1095 1898 1158 et
1933 1090 2014 1159 ad
2052 1090 2342 1158 nominis
2377 1091 2596 1181 potius

409 1200 608 1286 quam
654 1196 735 1264 ad
762 1197 942 1265 verbi
990 1197 1523 1266 informationem
1558 1198 1939 1267 revocandae
1971 1219 2126 1284 ‘esse
2169 1197 2337 1265 mihi
2373 1197 2596 1267 viden-

406 1311 556 1384 tur;
592 1326 755 1393 quas
788 1326 905 1426 per
942 1305 1361 1395 partitionem
1390 1312 1650 1373 tantum
1681 1305 1876 1374 certis
1906 1305 2206 1395 peisonis
2231 1305 2595 1395 assignatas

405 1413 609 1481 fuisse
632 1411 937 1503 conjicio
970 1413 1064 1482 ΑΙ)
1106 1413 1190 1482 iis
1230 1413 1475 1493 ordior,
1516 1435 1662 1503 quae
1706 1413 1788 1481 ab
1829 1413 2140 1484 infinitivi
2192 1414 2428 1483 formis
2461 1436 2592 1483 non

405 1517 745 1586 differunt.

490 1621 677 1711 Apud
715 1621 968 1690 Graecos
1014 1643 1145 1690 una
1204 1621 1433 1690 aoristi
1476 1622 1687 1690 forma
1735 1628 1922 1700 λῦσαι,
1969 1621 2039 1688 in
2086 1621 2302 1690 medio
2359 1642 2596 1711 genere

406 1730 692 1797 secunda
762 1729 928 1818 sing.
992 1750 1270 1819 persona
1329 1736 1427 1797 est
1480 1728 1878 1818 imperativi,
1955 1729 2024 1796 in
2083 1729 2292 1798 activo
2369 1736 2588 1798 autem

405 1834 789 1905 infinitivus.
850 1836 1091 1906 Eadem
1154 1844 1253 1904 est
1308 1836 1481 1926 apud
1509 1837 1768 1904 Latinos
1829 1835 2230 1904 similitudo¹
2287 1836 2592 1904 infinitivi

405 1944 743 2035 praesentis
777 1943 847 2012 in
876 1944 1084 2013 activo
1115 1965 1349 2034 genere
1378 1950 1441 2013 et
1471 1945 1776 2012 secundae
1805 1966 1976 2034 pers.
2013 1943 2182 2034 sing.
2218 1941 2593 2035 imperativi

406 2047 473 2117 in
524 2053 805 2141 passive,
846 2055 1075 2142 leqere.
1117 2051 1263 2120 Haec
1311 2051 1578 2140 quidem
1623 2051 1835 2119 forma
1882 2055 2088 2140 leqere
2133 2051 2205 2117 in
2239 2050 2592 2120 indicativo

406 2180 665 2249 quoque
695 2181 812 2250 pro
841 2161 1073 2249 leqeris
1100 2164 1417 2249 usurpata
1448 2166 1568 2237 est,
1599 2157 1779 2226 haud
1813 2179 2002 2226 secus
2027 2164 2220 2247 atque
2245 2157 2457 2226 forma
2494 2180 2592 2228 se-

405 2266 635 2334 cundae
664 2267 837 2356 plur.
876 2289 1048 2357 pers.
1082 2268 1404 2357 leqimim',
1437 2288 1582 2356 quae
1629 2265 1998 2356 imperativi
2031 2272 2096 2333 et
2126 2265 2464 2334 indicativi
2495 2267 2590 2334 vi·-

372 2374 629 2442 ’cissim
669 2380 886 2465 partes
919 2374 1075 2464 agit.
1110 2375 1190 2442 At
1217 2373 1360 2462 ipsa
1396 2372 1609 2442 forma
1642 2374 1940 2463 leqimini
1973 2393 2117 2462 quae
2145 2373 2340 2462 vulgo
2369 2374 2588 2442 nomi·

403 2482 664 2550 nativus
712 2481 989 2572 pluralis
1035 2481 1316 2550 habetur
1362 2480 1694 2571 participii
1743 2481 2089 2570 cujusdam
2146 2482 2418 2550 obsoleti
2480 2481 2589 2549 cui

400 2610 688 2679 graecum
720 2590 791 2657 in
817 2618 1035 2675 -μενο-ς
1054 2588 1497 2679 responderit,
1537 2588 1766 2658 dubito
1795 2612 1880 2657 an
1909 2610 2042 2657 non
2073 2590 2290 2679 potius
2318 2588 2590 2658 infiniti-

400 2718 523 2766 vus
563 2698 651 2765 sit
694 2719 847 2765 cum
883 2697 1113 2787 graecis
1142 2698 1213 2765 in
1248 2726 1439 2783 -μεναι
1486 2694 1949 2766 conferendus.
1987 2697 2280 2766 Affertur
2319 2696 2586 2787 quidem

401 2806 615 2873 forma
670 2805 877 2874 tertiae
926 2792 1281 2895 singularis
1336 2806 1405 2873 in
1430 2808 1636 2874 ·mino
1674 2805 1978 2874 desinens
2039 2807 2581 2895 (proqredimim,

402 2910 557 2992 cet„
607 2912 753 2980 vide
794 2913 1118 2991 Corssen„
1168 2914 1601 3000 Aussprache,
1656 2912 1732 2991 ΙΙ,
1775 2935 1841 3002 p.
1878 2912 2019 3001 95),
2051 2934 2251 3001 quam
2287 2911 2584 3000 ejusdem

404 3018 732 3109 participii
768 3018 1249 3087 nominativum
1286 3018 1451 3109 sing.
1478 3039 1622 3086 csse
1651 3018 1969 3086 docemur
1997 3017 2432 3107 (ibid.·)cujus
2459 3024 2588 3087 ter·-

404 3127 679 3195 minatio
716 3150 747 3193 s
777 3126 1136 3195 evanuerit.
1178 3126 1331 3217 Ejus
1359 3134 1579 3195 autem
1613 3126 1820 3195 literae
1859 3149 1917 3206 ε,
1965 3124 2353 3193 nominativi
2387 3126 2580 3215 signi,

402 3236 621 3316 ruina,
657 3235 1023 3303 absolutam
1064 3234 1207 3303 dico
1245 3236 1537 3315 ruinam,
1588 3256 1724 3303 non
1763 3242 1851 3303 ut
1878 3233 2054 3324 apud
2083 3240 2330 3303 veteres
2359 3241 2583 3324 poetas

403 3342 592 3433 quasi
622 3342 990 3423 elisionem,
1030 3343 1217 3412 nullo
1263 3344 1621 3435 explorato,
1662 3349 1742 3411 ut
1767 3342 1934 3411 mihi
1968 3342 2249 3422 videtur,
2288 3343 2584 3434 exemplo

400 3451 781 3521 confirmata
810 3447 1109 3523 est.Nam
1135 3452 1201 3519 in
1230 3451 1315 3520 iis
1334 3474 1480 3542 quae
1494 3451 1880 3521 Corssenius
1903 3452 2049 3541 (loc.
2081 3452 2223 3530 cit„
2253 3451 2304 3534 I,
2334 3471 2401 3540 p.
2423 3451 2578 3541 285)

402 3562 674 3650 profert,
714 3558 845 3640 ille,
878 3564 1034 3648 ceti,
1074 3556 1356 3630 dubitari
1410 3566 1626 3651 potest
1658 3567 1885 3630 utrum
1931 3582 1964 3627 s
2001 3558 2310 3628 ceciderit
2362 3581 2446 3627 an
2501 3560 2581 3627 ab

403 3668 592 3737 initio
648 3668 951 3737 defuerit.
1016 3668 1315 3737 Ceterum
1356 3668 1591 3738 ultima
1640 3668 1950 3738 thematis
1987 3668 2228 3736 vocalis
2274 3686 2340 3746 a,
2398 3667 2582 3735 nulla

401 3778 869 3847 terminatione
903 3777 1197 3861 defensa,
1222 3800 1353 3846 non
1385 3778 1453 3846 in
1476 3801 1539 3858 0,
1573 3777 1724 3845 sed
1707 3799 1776 3844 in
1803 3800 1860 3857 e,
1885 3777 2230 3846 immutari
2256 3776 2576 3845 debuerit

402 3886 614 3965 Quum
650 3884 858 3975 igitur
888 3884 1145 3972 utique,
1176 3884 1245 3950 ni
1291 3882 1509 3963 fallor,
1544 3884 1624 3952 ad
1660 3884 2032 3972 analogiam
2061 3883 2435 3973 imperativi
2477 3906 2580 3952 ac*

398 3989 560 4061 tivi
542 4014 611 4059 m
644 3986 707 4059 ἑο
744 3991 1105 4061 desinentis
1159 3990 1245 4058 sit
1285 3991 1830 4085 confugiendum,
1865 4014 1996 4081 qua
2032 3992 2279 4061 vocalis
2311 4008 2513 4061 sonus
2545 4013 2582 4058 o

402 4100 782 4191 explicetur,
815 4106 1017 4169 totam
1048 4100 1151 4168 f01
1154 4120 1333 4168 mam
1360 4100 1729 4171 secundum
1755 4099 1946 4168 illam
1976 4100 2352 4189 analogiam
2381 4122 2418 4168 e
2436 4101 2584 4190 plu

465 4346 511 4395 1.
544 4346 759 4424 Utraque
770 4344 879 4409 Jam
900 4358 929 4395 a
952 4340 1229 4395 Wilhelmiu
1258 4342 1346 4409 (De
1368 4338 1610 4409 infinitivi
1629 4345 1799 4408 forma
1826 4348 1872 4393 et
1901 4358 2014 4402 usu,
2047 4342 2096 4405 p'.
2131 4342 2212 4425 90)
2246 4349 2408 4393 notata
2451 4344 2577 4392 erat..
