3234 5150
1299 481 1616 538 -125—

366 605 641 675 actionis
672 627 833 674 usus
859 608 1210 697 supererit,
1261 608 1329 675 in
1368 608 1694 700 praecipua
1742 611 2060 680 sententia
2099 634 2352 682 meram
2381 614 2554 684 affir-

367 715 723 784 mationem
752 715 1175 805 exprimentis
1201 719 1247 783 ¹.

452 823 783 892 Concretis
835 829 1057 892 autem
1100 823 1481 892 nominibus
1535 847 1743 914 quum
1793 827 2196 895 asseruerim
2250 829 2420 897 nihil
2482 831 2551 899 in

366 930 689 1019 praecipua
720 929 1039 997 sententia
1066 929 1194 996 nisi
1218 951 1469 998 meram
1498 930 2005 998 affirmationem
2027 934 2304 1022 exprimi
2327 958 2542 1026 posse,

366 1038 535 1103 hanc
565 1034 709 1122 jam
744 1036 952 1122 legem
978 1035 1113 1101 dixi
1158 1035 1238 1102 ad
1278 1036 1597 1124 adjectiva
1638 1043 1896 1106 tanturn
1919 1046 1984 1107 et
2007 1041 2348 1132 participia
2391 1065 2550 1132 prae-

365 1141 565 1212 sentis
593 1147 706 1209 aut
736 1141 1072 1242 praeteriti,
1118 1155 1248 1210 non
1292 1141 1373 1208 ad
1418 1144 1764 1234 participia
1795 1145 2002 1213 futuri
2049 1147 2398 1236 pertinere.
2434 1149 2543 1218 His

364 1249 537 1320 enim
567 1249 890 1328 futurum,
923 1249 989 1316 id
1029 1257 1127 1318 est
1154 1272 1231 1318 ex
1261 1250 1527 1340 optativi
1560 1251 1864 1320 sensibus
1891 1274 2092 1340 unus,
2126 1255 2230 1324 vel
2280 1255 2346 1322 in
2390 1278 2556 1346 prae-

364 1356 555 1446 cipua
584 1355 900 1424 sententia
935 1356 1331 1424 declaratur.
2497 1429 2502 1434 ,

452 1463 530 1531 Ut
604 1483 934 1530 summam
1010 1463 1215 1552 hujus
1279 1463 1745 1553 disputationis
1815 1467 2020 1556 partis
2076 1468 2357 1536 breviter
2407 1490 2558 1537 con-

366 1572 625 1641 traham
686 1571 1215 1639 commemorabo
1274 1595 1288 1637 :
1338 1573 1403 1639 1⁰
1450 1573 1519 1639 in
1580 1574 1922 1642 sententiis
1987 1576 2155 1642 nulli
2221 1576 2333 1644 alii
2402 1577 2554 1644 sub-

359 1680 553 1769 jectis
601 1700 851 1746 meram
904 1679 1410 1748 affirmationem
1465 1682 1791 1750 concretis
1845 1682 2114 1773 quidem
2171 1684 2554 1752 nominibus

364 1811 555 1876 saepe,
595 1787 941 1856 abstractis
976 1793 1197 1856 autem
1240 1809 1609 1878 nunquam,
1654 1796 1920 1880 excepto
1968 1775 2290 1860 infinitivo
2329 1814 2554 1860 narra-

369 1896 590 1972 tionis,
628 1916 1001 1984 expressam
1038 1917 1218 1975 esse3
1262 1904 1513 1965 ceteros
1551 1896 1732 1964 verbi
1767 1891 2024 1976 sensus,
2071 1939 2152 1950 —
2188 1900 2552 1993 participiis

368 2002 641 2091 quidem,
674 2001 907 2081 futuri,
957 2003 1069 2070 sed
1108 2003 1214 2082 iis,
1267 2008 1535 2092 excepto
1589 2026 1724 2072 uno
1760 2005 2027 2074 nomine
2061 2007 2311 2096 agentis
2345 2008 2414 2074 in
2445 2018 2554 2074 tar·

368 2110 737 2195 desinente,
799 2132 834 2177 a
886 2111 1067 2178 modi
1111 2112 1400 2180 themate
1453 2118 1569 2179 aut
1615 2133 1652 2179 a
1705 2113 1994 2184 nominis
2049 2116 2384 2192 abstracti·
2411 2119 2554 2184 the-

369 2224 541 2286 mate
588 2217 920 2296 derivatiS‚
969 2217 1269 2307 obliqua,
1319 2218 1376 2286 si
1417 2219 1611 2287 verbo
1661 2219 1758 2287 uti
1811 2219 1986 2298 licet,
2043 2221 2172 2302 via,
2233 2223 2552 2292 declarari

365 2347 581 2416 posse,
608 2324 1062 2393 .—--abstractis
1092 2332 1312 2394 autem
1340 2326 1733 2404 nominibus
1771 2329 2105 2408 omnibus,
2137 2330 2547 2411 directavia3

366 2471 449 2486 —
486 2433 552 2500 2⁰
589 2433 657 2500 in
706 2433 1046 2501 sententiis
1090 2455 1241 2504 vero
1276 2434 1462 2502 alteri
1508 2435 1773 2502 cuidam
1837 2437 2176 2525 subjectiS,
2231 2439 2554 2510 concretis

368 2539 633 2630 quidem
675 2539 1053 2609 nominibus
1086 2540 1337 2631 aliquid
1370 2540 1491 2609 sub
1526 2541 1923 2621 conditione,
1963 2550 2078 2612 aut
2117 2544 2185 2613 in
2220 2545 2547 2629 futurum,

370 2648 685 2717 affirmari
735 2670 951 2738 posse,
998 2648 1138 2727 sed,
1180 2648 1463 2738 exceptis
1516 2648 1726 2719 futuri
1775 2651 2138 2741 participiis
2186 2653 2265 2721 de
2311 2654 2552 2742 quibus

370 2763 518 2826 ante
564 2756 819 2824 dictum
866 2762 989 2829 est,
1046 2758 1224 2824 hunc
1269 2778 1538 2826 sensum
1589 2757 1660 2825 in
1709 2779 1785 2826 ea
1849 2780 1983 2826 non
2033 2761 2375 2830 transferri
2425 2763 2554 2832 nisi

368 2864 691 2933 universae
742 2864 1081 2931 sententiae
1122 2869 1383 2940 tenore3
1432 2863 1756 2933 abstracta
1806 2870 2026 2945 autem
2064 2869 2358 2948 nomina,
2392 2876 2456 2937 et
2483 2870 2553 2937 in

368 2972 730 3040 recentiore
765 2971 1089 3039 sermonis
1120 2977 1307 3039 aetate
1338 2991 1617 3038 casuum
1646 2972 2226 3040 terminationibus
2255 2991 2551 3046 causam,

370 3080 594 3159 finem,
641 3085 764 3147 cet.
810 3078 1226 3168 expressisse,
1279 3083 1343 3144 et
1376 3076 1445 3145 in
1494 3078 1866 3168 antiquiore
1911 3079 2049 3157 illa,
2109 3098 2316 3168 quum
2364 3098 2554 3145 casus

357 3174 666 3252 'nondum
711 3185 1034 3262 adessent,
1069 3184 1211 3273 ipsa
1240 3191 1475 3253 natura
1511 3186 1866 3274 quemdam
1901 3208 1938 3257 e
1973 3187 2321 3255 modorum
2353 3186 2564 3272 sensi--=

370 3294 496 3361 bus
526 3293 887 3362 intellectui
924 3292 1452 3361 subaudiendum
1488 3293 1911 3383 suggessisse.

457 3402 548 3469 Ex
579 3401 709 3480 his,
746 3400 1005 3469 etiamsi
1053 3400 1345 3490 singulas
1388 3401 1854 3491 disputationis
1891 3409 2110 3494 partes
2153 3424 2285 3472 non
2313 3402 2559 3493 pariter

371 3508 600 3577 lectori
644 3509 1111 3598 approbaverO,
1140 3507 1209 3575 in
1244 3509 1628 3580 universum
1651 3517 1826 3580 certe
1855 3519 2123 3602 apparet
2152 3511 2327 3601 quod
2347 3532 2557 3579 unum

372 3616 773 3706 pertinacius
799 3637 1088 3685 asserere
1115 3616 1547 3686 sustinuerim
1589 3642 1602 3683 :
1650 3617 1732 3685 ad
1766 3640 2018 3687 meram
2047 3618 2559 3687 affirmationem

374 3732 699 3799 concreta,
751 3723 832 3791 ad
879 3730 1131 3791 ceteros
1187 3722 1367 3790 verbi
1431 3744 1666 3791 sensus
1720 3724 2183 3814 exprimendos
2235 3726 2560 3794 abstracta

432 3970 480 4018 ¹1.
504 3969 674 4019 Nullus
696 3969 897 4031 quidem
918 3968 1017 4017 nisi
1040 3968 1318 4017 formarum
1341 3972 1398 4016 ut
1412 3966 1591 4030 leqere,
1612 3967 1857 4031 leq-imini,
1883 3985 2006 4033 quas
2038 3970 2144 4033 ipse
2178 3985 2328 4033 supra
2363 3977 2420 4019 ut
2452 3972 2564 4020 infi-

372 4040 553 4089 nitivos
583 4042 941 4102 interpretatus
964 4053 1094 4088 sum.
1124 4039 1217 4088 Sed
1238 4040 1479 4101 ejusmodi
1503 4039 1676 4087 formae
1701 4039 1951 4103 pleraeque
1972 4040 2172 4105 passivi
2193 4041 2398 4101 -generis
2430 4050 2564 4096 sunt.

370 4113 441 4162 Ad
476 4112 731 4175 passivum
769 4119 935 4161 autem
972 4111 1347 4173 exprimendum
1380 4112 1748 4159 accommodata
1776 4112 1929 4160 fuisse
1961 4112 2162 4160 nomina
2205 4113 2414 4161 actionis
2445 4128 2568 4163 meae

372 4185 611 4233 doctrinae
642 4191 1028 4233 consentaneum
1066 4190 1157 4242 est,
1190 4197 1345 4246 quum
1379 4184 1527 4241 idem,
1562 4184 1605 4231 si
1630 4183 1797 4231 minus
1827 4183 1888 4232 ad
1919 4184 2208 4245 optativum,
2246 4186 2307 4235 ad
2340 4186 2570 4236 futurum

372 4262 535 4304 tamen
571 4256 791 4317 optativo
822 4254 969 4305 affine
1006 4255 1083 4320 (cf.
1119 4254 1267 4311 infra,
1298 4260 1445 4317 caput
1478 4255 1515 4311 I,
1550 4269 1601 4316 p.
1635 4252 1713 4319 16)
1754 4260 1804 4301 et
1837 4254 1898 4302 ad
1933 4256 2183 4319 passivum
2217 4257 2566 4307 sanseriticum

376 4326 725 4463 (ct'.2c⁷aput;23)1‚
758 4329 811 4384 A,
843 4342 895 4389 p.
932 4326 1013 4391 40)
1039 4327 1411 4376 informandum
1444 4326 1740 4376 adhibeatur
1793 4327 2090 4376 elementum
2115 4344 2181 4391 μα
2210 4328 2292 4392 (cf.
2331 4338 2575 4392 praeterea

375 4410 425 4459 p.
550 4403 599 4446 et
624 4454 631 4465 ⁸
708 4434 718 4445 .
