3234 5150
1628 447 1909 504 -48-÷

678 571 1072 661 sententiam
1093 571 1538 664 antiquiorem
1559 591 1705 643 esse
1728 571 2115 665 composita.
2148 570 2299 640 Fuit
2323 569 2527 660 igitur
2548 571 2866 664 temporis

681 682 969 773 spatium
1019 701 1150 774 quo
1198 679 1442 771 linguae
1493 677 2110 773 indoeuropaearum
2148 678 2471 770 'genitrici
2530 677 2865 770 simplices

680 796 968 876 tantum,
1014 789 1183 859 nulli
1235 789 1348 858 alii
1399 789 1713 880 subjectae
1761 789 2101 860 sententiae
2143 795 2314 858 netae
2360 795 2606 858 essent.
2666 813 2700 854 »
2738 787 2869 860 Cur

681 899 884 991 huJ‘us
913 901 1317 991 metaphorae
1358 924 1391 964 «
1437 900 1673 969 rocher
1718 899 1797 970 de
1836 899 2075 969 bronze
2108 924 2142 965 »
2188 889 2867 989 germanus'seriptor

679 1007 761 1077 ad
795 1006 1093 1099 linguam
1129 1012 1426 1076 nostram
1469 1006 1671 1076 decus
1716 1005 2111 1097 delegaverit
2158 1004 2336 1074 haud
2378 997 2547 1074 satis'
2566 1025 2863 1096 comper-

679 1121 823 1186 tum
866 1117 1100 1187 haheo.
1143 1116 1366 1207 Ipsum
1397 1136 1550 1185 vero
1590 1115 1892 1198 effatum,
1940 1116 1997 1186 si
2033 1114 2249 1186 verbis
2290 1113 2709 1185 serviendum
2735 1118 2861 1194 est,

677 1229 752 1293 ut
777 1224 1214 1296 Delbruckius
1241 1229 1306 1293 et
1336 1223 1476 1316 ipse
1501 1223 1765 1294 Curtius
1793 1245 2275 1316 nonnunquam
2316 1221 2620 1307 serviisse
2646 1211 2867 1292 viden-

677 1339 810 1413 tur,
844 1355 977 1404 non
1014 1332 1157 1404 sine
1186 1340 1453 1423 stupore
1491 1333 1779 1423 quodam
1814 1333 2045 1404 audire
2072 1353 2370 1425 possum.
2402 1411 2409 1416 ,
2785 1357 2793 1366 ·

764 1443 926 1513 Nam
983 1440 1040 1510 si
1095 1441 1528 1512 Delhruekius
1593 1440 1932 1513 contendit
2001 1442 2204 1533 huJ‘us
2265 1439 2445 1510 modi
2504 1435 2865 1510 sententias

681 1571 714 1610 ι(
739 1544 913 1614 Ferit
938 1563 1118 1625 eum,
1166 1553 1240 1615 ut
1277 1565 1431 1614 eum
1466 1545 1775 1615 occidat»
1805 1544 2173 1638 antiquitus
2213 1544 2303 1613 ita
2341 1564 2680 1634 expressas
2718 1564 2864 1612 esse

677 1677 710 1716 «
741 1652 915 1722 Ferit
945 1675 1125 1733 eum,
1164 1652 1305 1722 vult
1333 1674 1487 1722 eum
1520 1653 1905 1736 occidere»,
1939 1652 2301 1743 respondeo
2344 1651 2487 1743 ipsa
2524 1672 2756 1720 sensus
2796 1646 2861 1719 vi

673 1760 1102 1851 posteriorem
1132 1759 1550 1842 sententiam,
1576 1760 1693 1829 uhi
1714 1753 1921 1853 priori
1947 1759 2243 1854 apposita
2266 1765 2389 1850 est,
2409 1757 2469 1830 ei
2494 1759 2859 1850 subjectam

669 1889 813 1938 esse
837 1869 1106 1950 factam,
1143 1890 1276 1937 non
1305 1868 1500 1959 longo
1530 1869 1820 1961 quodam
1851 1865 2177 1940 sermonis
2214 1889 2549 1961 processu.
2590 1868 2713 1938 Sed
2737 1869 2859 1936 has

671 1976 850 2048 haud
895 1975 1324 2056 necessarias,
1383 1997 1530 2067 quae
1578 1985 1920 2058 vocantur,
1967 1978 2299 2069 sthectas
2346 1976 2701 2047 sententias
2744 1997 2859 2046 ne·-

667 2083 866 2178 gligo,
895 2092 961 2155 et
985 2083 1069 2154 ad
1101 2106 1213 2154 eas
1241 2090 1530 2166 transeo,
1563 2084 1807 2176 qui-bus
1834 2084 2100 2156 omissis
2122 2135 2139 2167 ,
2179 2085 2507 2176 praecipua
2534 2083 2858 2154 sententia

669 2211 786 2281 per
819 2212 888 2260 se
923 2197 1098 2261 stare
1121 2212 1253 2260 non
1275 2198 1512 2283 potest,
1545 2191 1635 2262 ita
1664 2198 1740 2261 ut
1767 2193 1907 2262 haeo
1940 2191 2039 2263 illi
2068 2215 2200 2262 non
2238 2191 2461 2262 minus
2489 2191 2678 2284 quasi
2704 2190 2861 2262 sub-

660 2296 836 2387 jecta
887 2298 996 2380 sit,
1058 2319 1288 2389 quam·
1319 2299 1477 2368 huic
1527 2299 1668 2368 illa.
1729 2300 2117 2394 Exemplum
2179 2301 2464 2370 maxime
2514 2298 2855 2390 vulgatum

653 2405 957 2496 ,praehent
986 2406 1460 2478 conditionales
1487 2408 1826 2490 sententiae
1858 2408 2076 2500 qualis
2104 2415 2204 2479 est
2240 2434 2275 2476 «
2300 2409 2368 2478 Si
2402 2431 2508 2478 me
2534 2407 2753 2488 feries,
2790 2413 2859 2477 te

667 2513 1002 2585 occcidam
1028 2542 1092 2598 »,
1135 2515 1378 2607 quibus
1409 2516 1683 2589 edendis
1721 2539 1805 2589 ne
1842 2516 2288 2610 antiquissimi
2338 2516 2604 2610 quidem
2639 2514 2855 2585 homi·

665 2642 784 2691 nes
811 2621 1100 2716 impares
1128 2646 1272 2695 esse
1299 2631 1679 2717 potuerunt.
1702 2627 1818 2697 Hic
1837 2628 2131 2719 profecto
2158 2649 2193 2697 e
2223 2626 2483 2698 duabus
2512 2623 2855 2697 sententiis

663 2736 897 2799 neutra
929 2730 1032 2801 sui
1061 2732 1236 2823 juris
1263 2740 1361 2803 est
1393 2740 1508 2831 aut
1545 2756 1689 2803 esse
1720 2756 2017 2826 unquam
2056 2734 2293 2858 potuit.

749 2838 872 2919 Qui
913 2846 1136 2910 autem
1165 2841 1479 2932 conjiciat
1518 2840 1964 2913 conditionem
2012 2844 2200 2935 prius
2242 2865 2373 2913 una
2415 2820 2733 2913 sententia
2779 2843 2855 2911 ut

665 2972 699 3011 «
724 2946 810 3016 Te
838 2946 1182 3019 ferientem
1214 2970 1322 3018 me
1349 2949 1707 3020 occidam»
1748 2972 1949 3043 quam
1980 2951 2237 3020 duabus
2272 2972 2649 3043 expressam
2677 2972 2847 3029 esse,

661 3052 872 3136 valde,
911 3078 1059 3127 meo
1085 3055 1352 3147 quidem
1378 3056 1659 3148 judicio,
1696 3064 1893 3138 erret,
1930 3065 2043 3129 aut
2074 3058 2291 3150 potius
2328 3080 2467 3128 rem
2508 3058 2721 3150 ipsam
2759 3058 2851 3129 le·

663 3159 832 3229 viter
861 3167 1120 3232 tantum
1150 3162 1590 3255 praestringat,
1621 3160 1753 3234 n'on
1793 3165 2053 3256 penitus
2081 3164 2517 3258 introspiciat.
2551 3164 2713 3235 Nam
2746 3164 2848 3235 vel

663 3266 956 3359 singulas
985 3268 1429 3363 indoeuropaei
1461 3271 1785 3342 sermonis
1814 3274 2086 3355 formas,
2130 3296 2248 3345 nec
2289 3274 2513 3370 minus
2550 3272 2848 3347 nomina·

658 3372 755 3443 les
785 3398 986 3465 quam
1025 3378 1344 3459 verbaleS,
1387 3379 1458 3448 in
1497 3380 1879 3471 primordiis
1920 3373 2195 3452 humani
2228 3380 2474 3474 eloquii
2513 3382 2848 3452 absolutas

657 3485 1016 3556 sententias
1050 3487 1255 3557 fuisse
1283 3488 1610 3560 existimo.
1648 3490 1721 3558 In
1758 3487 1841 3559 iis
1870 3490 2049 3559 enim
2079 3490 2319 3561 radicis
2350 3512 2608 3573 sensus,
2650 3490 2717 3560 id
2746 3495 2849 3561 est
2884 3514 2889 3519 ·

658 3590 1010 3681 praedicata
1040 3615 1218 3686 pars,
1267 3597 1556 3667 themate
1593 3597 2039 3689 pronominali
2070 3598 2151 3671 ad
2198 3605 2453 3669 certum
2481 3599 2843 3690 'quemdam

659 3698 856 3789 spatii
887 3699 1134 3789 locum,
1171 3702 1240 3771 id
1275 3709 1375 3774 est
1413 3705 1495 3774 ad
1525 3705 1959 3797 subjectivam
1983 3714 2239 3799 partem
2269 3708 2553 3777 refertur
2573 3707 2696 3797 (cf.
2723 3706 2845 3779 Μέ-

659 3810 900 3878 moires
930 3811 1008 3877 de
1040 3813 1107 3879 la
1136 3812 1387 3880 Socidtd
1415 3812 1495 3881 de
1532 3815 1986 3906 linquistique,
2021 3814 2123 3902 111,
2152 3837 2221 3907 p.
2260 3814 2603 3905 125-149)
2636 3814 2837 3907 Unde,
2950 3828 2957 3834 '

655 3914 724 3984 ni
751 3915 968 3998 fallor,
1005 3918 1254 3987 factum
1282 3925 1385 3989 est
1415 3926 1490 3989 ut
1529 3923 1816 4012 majores
1845 3920 2054 3992 nostli
2099 3920 2269 3992 nihil
2308 3925 2445 3993 fere
2478 3923 2661 4014 loqui
2697 3945 2845 4015 pos·

657 4030 826 4106 sent,
861 4024 990 4093 nisi
1018 4023 1391 4117 subjectis
1372 4027 1658 4099 invicem
1692 4028 2059 4111 sententiiS,
2099 4052 2337 4121 quum
2332 4032 2510 4113 hoec,
2560 4029 2837 4123 exempli

652 4152 878 4212 causa,
915 4132 1409 4226 simplicissima
1439 4137 1763 4208 sententia
1802 4165 1835 4204 «
1879 4138 2099 4229 Equus
2128 4139 2339 4208 currit
2380 4164 2443 4220 11,
2494 4138 2553 4209 si
2588 4162 2847 4232 equum,

599 4306 604 4311 .
651 4258 688 4307 a
752 4239 1114 4311 velocitate.
1161 4237 1587 4317 nominatum
1606 4300 1616 4308 ,,
1642 4268 1795 4315 esse
1843 4246 2139 4327 finxeriS,
2212 4245 2586 4337 antiquitus
2636 4247 2845 4321 fuerit.

655 4370 690 4411 «
725 4346 847 4426 Qui
898 4349 1080 4431 velox
1121 4356 1224 4421 est
1270 4350 1484 4424 currit
1527 4350 1807 4447 »sibim
1859 4378 1926 4447 p.
1976 4352 2099 4427 151
2154 4355 2439 4447 et-155).
2492 4341 2681 4436 Quod
2720 4380 2873 4451 aas,
