3234 5150
1602 369 1881 424 „80-

652 490 1064 578 probandum
1095 493 1375 573 videtur,
1407 516 1561 562 cum
1609 494 1828 585 priore
1876 500 2094 562 autem
2136 493 2670 582 interpretatione
2719 515 2828 583 pa-

646 619 798 664 rum
840 607 1375 668 consentaneum.
1420 603 1579 668 Nam
1612 602 1725 691 qui
1761 601 2093 691 negativos
2123 601 2474 669 verborum
2511 600 2830 668 circuitus

648 725 799 771 cum
829 707 1238 777 affirmativis
1268 709 1770 798 comparaverit,
1804 731 1936 776 non
1966 708 2291 775 dubitabit
2323 707 2391 773 in
2423 708 2555 776 illis
2586 708 2832 796 negati-

648 835 792 880 vam
822 815 1212 902 particulam
1263 817 1344 884 ad
1391 817 1780 884 universum
1819 815 2037 904 potius
2070 821 2347 901 utraque
2379 814 2697 882 sententia
2721 836 2829 882 ex-

650 942 951 1008 pressum
1032 945 1298 991 sensum
1372 924 1651 1002 referre,
1729 945 1928 1012 quam
1985 931 2271 989 extrema
2325 917 2439 988 illa
2509 921 2748 989 audere
2808 945 2822 986 ε

652 1049 1015 1116 pronomen
1058 1032 1310 1099 scilicet
1344 1032 1693 1099 relativum
1729 1029 1810 1097 ad
1843 1029 2090 1119 aliquid
2137 1032 2308 1118 quod
2355 1052 2489 1095 non
2533 1039 2648 1118 est,
2697 1028 2830 1096 imo

655 1143 728 1201 ut
767 1135 1351 1207 demonstrativum
1396 1139 1474 1205 ad
1521 1137 1859 1205 infinitum
1901 1136 2276 1225 negativum
2314 1136 2598 1202 «nullus
2623 1135 2826 1213 adest,

656 1281 738 1292 -
768 1243 961 1322 ille»,
1007 1246 1274 1326 referre,
1324 1251 1388 1314 et
1426 1245 1844 1329 sententiam,
1893 1266 2022 1332 qua
2063 1251 2239 1312 totus
2286 1243 2666 1333 posterioris
2713 1265 2830 1331 pro

656 1353 983 1440 praecipua
1018 1354 1255 1420 habitae
1301 1375 1535 1421 sensus
1581 1360 1899 1429 mutetur,
1935 1353 2293 1417 subaudire
2344 1350 2687 1417 «simodo
2719 1351 2831 1417 ad-

656 1467 825 1526 esset
856 1485 915 1524 ».
954 1460 1129 1527 Mitto
1156 1460 1332 1548 quod
1358 1461 1423 1528 id
1459 1460 1770 1548 loquendi
1805 1480 2010 1548 genus
2051 1457 2502 1526 ratiocinantis
2533 1458 2738 1546 magis
2769 1463 2834 1524 et

656 1572 873 1653 partes
916 1566 1245 1635 subtiliter
1287 1567 1696 1656 dispicientis
1743 1548 2239 1634 fuisse‘videtur
2267 1586 2466 1653 quam
2509 1571 2826 1644 veterum,

658 1695 823 1761 quos
870 1673 1054 1760 fingit
1094 1675 1549 1753 DelbruckiuS,
1588 1675 1961 1742 hominum.
1997 1674 2163 1752 Quid
2203 1681 2421 1742 autem
2465 1672 2832 1761 simplicius

657 1803 857 1870 quam
892 1803 969 1849 ex
1014 1783 1216 1871 hujus
1265 1784 1443 1850 modi
1476 1783 1865 1850 affirmativo
1909 1783 2258 1850 verborum
2286 1781 2568 1848 circuitu
2593 1781 2752 1848 ’'Eoe'
2775 1789 2834 1860 ὅς

658 1903 759 1973 σῆς
796 1917 866 1973 γε
908 1897 1073 1968 κύνας
1108 1898 1361 1975 κεφαλῆς
1414 1896 1762 1968 ἀπαλάλκοι,
1807 1890 1886 1957 ad
1933 1890 2110 1956 hunc
2157 1887 2557 1975 negativum,
2616 1885 2832 1952 addita

657 1995 978 2084 particula
1009 2003 1132 2074 οὐκ,
1168 1994 1448 2063 transire
1495 2018 1510 2060 ε
1540 2001 1686 2062 ,Οὐκ
1715 1993 1835 2062 ἔσθ’
1864 2003 1924 2072 ὅς
1958 2009 2059 2078 σῆς
2084 2022 2178 2079 γε,
2215 2000 2338 2080 qet.
2382 1994 2458 2059 At
2488 1992 2830 2059 universus

658 2101 907 2190 periodi
939 2124 1171 2170 sensus
1201 2103 1291 2170 ita
1326 2103 1712 2170 summatim
1745 2102 1968 2190 negari
2006 2123 2137 2167 non
2169 2100 2405 2188 potuit,
2448 2099 2576 2166 nisi
2623 2099 2830 2165 ambae

660 2209 998 2277 sententiae
1028 2209 1395 2277 arctissimo
1433 2211 1572 2298 jam
1606 2209 1868 2277 vinculo
1898 2209 2070 2276 inter
2098 2230 2168 2276 se
2196 2209 2620 2286 cohaererent,
2655 2208 2830 2295 quod

658 2317 1083 2385 Delbruckius
1117 2319 1470 2386 concedere
1496 2317 1710 2385 noluit
1737 2339 1819 2384 ne
1847 2321 2317 2405 praesumptam
2348 2316 2720 2405 opinionem
2753 2315 2830 2381 de

661 2421 925 2509 proprio
967 2421 1117 2508 jure
1164 2421 1473 2488 omnibus
1524 2421 1834 2509 subjectis
1885 2419 2276 2488 vindicando
2307 2419 2630 2508 deponere
2663 2417 2834 2486 vidc-

659 2536 863 2597 retur.

745 2637 928 2703 Nunc
971 2636 1049 2703 de
1100 2635 1261 2725 ipsis
1314 2637 1609 2725 ejusdem
1660 2637 1916 2726 generis
1953 2637 2362 2705 affirmativis
2400 2635 2687 2725 periodis
2733 2635 2832 2702 di·-

659 2744 941 2812 cendum
986 2749 1107 2811 est.
1154 2744 1258 2811 Eae
1287 2743 1555 2831 quidem
1594 2768 1728 2813 non
1767 2745 2003 2813 desunt
2052 2748 2118 2812 in
2161 2745 2405 2835 quibus
2453 2744 2745 2832 subjecta
2797 2766 2833 2809 a

659 2849 987 2938 praecipua
1036 2848 1353 2938 disjungi,
1408 2849 1662 2940 integro
1707 2874 1926 2931 sensu,
1986 2851 2214 2940 possit,
2255 2860 2327 2919 ut
2371 2852 2510 2939 jam
2560 2850 2833 2918 allatum

657 2954 1029 3043 exemplum
1066 2979 1079 3017 z
1111 2955 1182 3032 K,
1220 2955 1372 3022 170.
1418 2962 1563 3023 Εἰσὶν
1608 2966 1708 3040 μέν
1760 2984 1850 3040 μοι
1900 2965 2099 3036 παῖδες
2143 2963 2442 3041 ἀμύμονες,
2489 2962 2591 3025 εἰσὶ
2618 2962 2678 3023 δὲ
2707 2961 2836 3023 λαοὶ

658 3067 751 3132 καὶ
794 3068 1023 3141 πολέες,
1067 3073 1175 3129 τῶν
1230 3070 1325 3129 κέν
1356 3090 1436 3142 τις
1480 3069 1845 3149 ἐποιχόμενος
1879 3070 2194 3131 καλέσειεν.
2242 3063 2355 3129 Hic
2396 3062 2575 3130 enim
2621 3060 2835 3130 relati-

658 3190 814 3235 vum
842 3190 1203 3257 pronomen
1252 3168 1444 3236 facile
1485 3168 1552 3236 in
1604 3170 2195 3238 demonstrativum
2226 3168 2566 3237 immutari
2597 3174 2826 3257 potest.

657 3276 791 3361 huo
844 3277 1019 3363 quod
1052 3276 1477 3343 Delbruckius
1526 3277 1604 3343 de
1650 3277 2040 3366 pronomine
2089 3278 2359 3346 relativo
2416 3276 2831 3365 (sanseritice

660 3388 833 3469 yet-8,
854 3403 1058 3469 graece
1092 3391 1206 3469 ὅ-ς,
1232 3384 1291 3451 οὗ
1318 3385 1642 3471 sonante),
1660 3386 1818 3452 dum
1837 3384 2224 3452 Windischii
2245 3383 2514 3473 vestigia
2535 3372 2832 3471 seq'uitur

660 3489 914 3569 asserit,
936 3492 1060 3558 hoc
1094 3491 1174 3558 de
1209 3494 1601 3581 pronomine
1628 3499 1684 3576 ὃ,
1706 3504 1800 3561 τοῦ
1819 3501 2016 3571 certe,
2055 3492 2436 3561 sanseritico
2478 3515 2579 3575 sa,
2611 3500 2825 3577 tasya,

659 3597 1113 3686 respondente,
1154 3598 1379 3686 negari
1409 3620 1541 3665 non
1568 3605 1804 3688 potest,
1831 3599 1898 3666 id
1928 3622 1964 3666 a
1999 3598 2214 3688 prima
2245 3597 2499 3687 origine
2529 3598 2831 3664 demons-

660 3704 969 3771 trativum
999 3704 1225 3771 fuisse.
1271 3704 1549 3793 Optativi
1584 3725 1848 3793 quoque
1879 3712 2166 3771 καλέσειεν
2195 3703 2291 3769 vis
2318 3703 2451 3770 fere
2480 3701 2706 3769 eadem
2733 3705 2833 3765 est

660 3810 854 3900 atque
883 3810 1152 3900 optativi
1178 3811 1246 3876 in
1273 3811 1620 3900 praecipuis
1648 3809 2062 3878 concedentis
2093 3816 2205 3877 aut
2236 3809 2411 3899 quod
2441 3807 2584 3875 fieri
2623 3814 2833 3896 potest

660 3918 1073 3988 declarantis,
1105 3919 1310 3995 Quem
1334 3928 1553 3988 autem
1586 3939 1855 3986 sensum
1886 3916 2194 3985 retineret
2218 3917 2546 4006 praecipua
2577 3922 2831 3983 senten-

659 4026 748 4095 tia
800 4027 852 4094 si
894 4028 1253 4115 subjectam
1287 4030 1624 4095 amoveres
1674 4026 1742 4094 in
1800 4027 1921 4119 hoc
1957 4024 2338 4093 sanseritico
2373 4025 2667 4112 exemplo
2718 4046 2731 4087 ε
2777 4022 2825 4099 Ι,

664 4136 813 4213 115,
854 4136 924 4201 11
940 4188 959 4219 ,
991 4144 1028 4202 ό
1066 4144 1129 4201 ce
1151 4139 1340 4224 yanti
1369 4143 1451 4224 ye'
1474 4137 1813 4223 apari'shu
1834 4142 2120 4223 pdqyc'm,
2169 4159 2201 4197 «
2229 4134 2303 4200 Et
2336 4132 2382 4198 ii
2407 4133 2676 4201 veniunt
2717 4129 2830 4218 qui

665 4243 729 4307 in
762 4250 1098 4329 posterum
1119 4244 1383 4323 videant
1406 4270 1466 4321 »‚
1486 4243 1685 4311 autin
1708 4246 1830 4311 hoc
1865 4265 2075 4333 graeco
2097 4242 2171 4320 H,
2197 4242 2350 4319 251,
2377 4239 2570 4327 Ἡμεῖς
2604 4241 2652 4307 δ’
2681 4244 2831 4321 εἰμὲν
