3234 5150
1378 437 1660 496 ...95-

425 587 504 632 ex
562 586 692 653 qua
732 565 901 632 actio
959 571 1241 655 optativo
1302 573 1417 635 aut
1478 568 1898 658 conjunctivo
1951 557 2281 638 declarata
2336 568 2600 658 pendet.

422 669 567 736 Haec
612 669 816 758 igitur
857 691 1005 738 vere
1045 670 1507 740 conditionalis
1556 680 1679 741 est.
1730 674 1816 740 De
1871 673 2301 743 conditionali
2377 674 2599 754 modo,

424 777 842 866 conjunctivo
879 784 943 846 et
990 777 1273 868 optati-vo
1321 789 1652 870 expresse,
1699 801 1846 871 quae
1885 803 2083 872 supra
2118 781 2252 850 dixi
2297 803 2430 850 non
2477 781 2598 850 ite-

424 883 605 962 rabo,
646 904 857 951 unum
904 890 1132 952 tamen
1174 885 1487 955 lectorem
1529 889 2142 966 commonefaciam,
2177 888 2600 958 simillimum

423 989 769 1058 amborum
810 990 1158 1059 modorum
1199 987 1397 1059 u'sum
1432 993 1501 1060 in
1542 993 1994 1084 superioribus
2022 993 2338 1084 exemplis
2384 1015 2602 1084 reper-

420 1105 561 1166 tum
588 1121 757 1168 esse.

505 1207 683 1275 Alter
706 1213 825 1284 est,
869 1229 1077 1297 quum
1104 1207 1531 1298 conjunctivi,
1570 1216 1712 1276 tum
1759 1207 2026 1299 optativi
2063 1231 2251 1288 usuS,
2284 1208 2600 1298 ubiquae-

418 1312 611 1391 ritu1·‚
670 1337 803 1382 non
850 1321 1076 1383 utrum
1126 1313 1285 1404 quid
1314 1315 1642 1382 futurum
1698 1315 1785 1383 sit
1825 1315 1943 1386 .vel
1992 1315 2137 1385 fieri
2197 1315 2456 1406 possit,
2496 1315 2598 1385 vel

415 1441 546 1508 quo
595 1429 780 1511 pacto
844 1422 1051 1501 fieret,
1118 1421 1231 1490 sed
1288 1421 1449 1510 quid
1493 1421 1869 1490 faciendum
1928 1422 2037 1499 sit,
2105 1429 2221 1491 aut
2266 1421 2596 1512 quomodo

414 1527 575 1616 quid
605 1528 980 1597 faciendum
1010 1530 1116 1598 sit.
1160 1529 1495 1620 Exempla,
1543 1552 1597 1606 e,
1623 1529 2133 1620 graecaquidem
2164 1530 2414 1620 lingua,
2451 1553 2596 1598 con-

408 1635 687 1723 junctivi
721 1644 981 1705 tantum
1016 1637 1430 1706 afferuntur:
1466 1665 1521 1706 0.
1560 1638 1719 1716 509,
1757 1648 1847 1728 Πῇ
1872 1645 1980 1727 γὰρ
2025 1645 2164 1725 ἐγώ,
2203 1645 2330 1726 φίλε
2369 1647 2590 1724 τέκνον,

411 1747 512 1824 ἴω;
544 1755 637 1812 τεῦ
662 1744 875 1830 δώμαθ’
900 1752 1108 1830 ἵκωμαι
1137 1751 1369 1834 ἀνδρῶν,
1402 1752 1453 1812 οἳ
1475 1752 1720 1833 κραναὴν
1754 1742 1976 1827 Ἰθάκην
2003 1753 2148 1813 κάτα
2186 1753 2588 1833 κοιρανέουσιν;

408 1859 447 1935 ἢ
478 1858 593 1930 ἰθὺς
625 1866 727 1938 σῆς
760 1861 965 1941 μητρὸς
1005 1858 1073 1922 ἴω
1105 1857 1199 1920 καὶ
1228 1862 1347 1920 σοῖο
1377 1858 1599 1937 δόμοιο;
1645 1891 1729 1903 --
1770 1851 1841 1918 in
1900 1852 2122 1920 vedica
2175 1858 2396 1922 autem
2437 1874 2592 1921 con-

402 1960 705 2048 junctivi,
734 1962 806 2036 V,
832 1962 943 2039 41,
981 1961 1089 2040 1·1,
1122 1962 1567 2027 ΚαίΙιᾱ’πιαΙιέ
1589 1961 2328 2050 ναάνίῃᾱῃαόναυᾱητα,
2367 1960 2588 2040 «Quo-

408 2067 601 2134 modo
642 2068 833 2136 nohis
874 2089 1189 2156 magnum
1232 2067 1557 2135 Marutum
1602 2087 1832 2155 agmen
1875 2067 2311 2135 invocandum
2363 2072 2509 2153 est?
2549 2095 2584 2132 n

406 2177 653 2258 —-*Qat.
685 2177 801 2241 ΒΥ.
839 2176 901 2253 1,
935 2175 1002 2254 4,
1042 2176 1105 2254 1,
1146 2175 1256 2253 17,
1286 2171 1603 2240 ΚυᾱἸιάῐη
1642 2175 1952 2252 ὂὴαυᾶηί,
1991 2198 2023 2238 «
2051 2173 2165 2240 Ubi
2206 2169 2371 2240 mihi
2409 2181 2586 2242 stan-

405 2280 563 2348 dum
604 2287 743 2351 est?
774 2307 807 2345 »
867 2320 950 2332 —
990 2290 1054 2350 et
1094 2280 1386 2371 optativi,
1420 2282 1492 2360 V,
1527 2281 1638 2360 41,
1693 2281 1801 2360 16,
1848 2279 2084 2347 Katha‘
2153 2282 2424 2366 dapema
2465 2287 2584 2370 nd?

401 2402 589 2455 masa
630 2389 988 2467 suda'mzn,
1026 2414 1059 2453 «
1093 2388 1429 2465 Quomodo
1458 2388 1756 2456 colamus
1799 2388 2214 2457 veneratione
2256 2388 2584 2458 beneficos

400 2497 770 2587 (Marutes)?
803 2523 836 2561 »
876 2497 971 2588 (id
1017 2503 1159 2565 est:
1200 2521 1233 2562 «
1276 2496 1613 2575 Quomodo
1643 2495 1831 2564 nohis
1863 2495 2278 2572 veneratione
2323 2495 2580 2563 colendi

399 2609 589 2673 sunt?
626 2605 689 2694 »)
726 2604 909 2673 Vides
954 2626 1189 2673 rursus
1229 2604 1631 2694 conjunctivi
1679 2604 2078 2694 optativique
2117 2626 2280 2671 usus
2324 2603 2582 2672 similli-

397 2728 563 2780 mos.
594 2712 1027 2781 Delbruckius
1060 2719 1307 2791 autem,
1357 2719 1433 2780 ut
1475 2732 1587 2781 eos
1621 2733 1658 2781 a
1698 2711 1988 2793 notione,
2045 2718 2158 2779 aut
2190 2711 2571 2799 voluntatis,

396 2827 511 2888 aut
537 2819 909 2910 cupidinis,
932 2820 1201 2905 derivet,
1234 2828 1453 2911 partes
1490 2819 1802 2889 subtilius
1837 2818 2102 2910 dispicit
2130 2820 2334 2909 hujus
2357 2842 2576 2909 exem,-

394 2929 485 3021 pli
530 2953 544 2995 ε
582 2940 653 3009 Κ,
682 2931 797 3014 61,
826 2940 956 3010 Πῶς
981 2938 1091 3019 γάρ
1124 2958 1217 3014 μοι
1246 2938 1401 3016 μύθῳ
1431 2936 1760 2998 ἐπιτέλλεαι
1795 2936 1898 3014 ἠδέ
1932 2936 2220 3007 κελεύειςς
2262 2932 2384 2998 αὖθι
2423 2940 2574 3014 μένω

364 3042 531 3120 μετὰ
574 3047 738 3114 τοῖσι,
772 3042 1101 3122 δεδεγμένος
1144 3040 1357 3113 εἰςόκεν
1399 3039 1597 3123 ἔλθῃς,
1653 3039 1722 3117 ἠὲ
1769 3040 1880 3099 θέω
1927 3039 2068 3115 μετά
2119 3030 2168 3099 σ’
2215 3034 2386 3121 αὖτις,
2433 3038 2574 3119 ἐπὴν

391 3144 449 3209 εὖ
476 3151 596 3220 τοῖς
630 3146 924 3219 ἐπιτείλως
959 3165 993 3204 «
1025 3139 1355 3208 vertimus
1384 3164 1451 3217 »,
1478 3137 1569 3205 ait
1598 3136 2032 3205 Delbruckius
2063 3162 2104 3200 «-
2136 3138 2368 3203 Utrum
2405 3139 2572 3205 mihi

394 3276 426 3314 «
462 3251 771 3316 standum
798 3258 895 3315 'est
924 3271 1015 3314 an
1041 3249 1381 3315 eundum?
1416 3245 1730 3314 Primitus
1757 3252 1978 3313 autem
2013 3244 2388 3334 significant
2414 3267 2569 3318 eone

394 3384 426 3422 «
456 3355 735 3447 junctivi
766 3365 913 3441 μένω
954 3362 1018 3424 et
1048 3363 1159 3423 θέω
1200 3357 1342 3421 volo
1381 3363 1582 3433 stare,
1614 3355 1756 3425 volo
1787 3355 1907 3420 ire.
1947 3352 2416 3429 Quumautem
2454 3353 2572 3425 Me.-

393 3489 426 3526 «
460 3462 689 3529 nelaus
726 3482 805 3528 ex
836 3458 1107 3527 alterius
1156 3458 1491 3527 voluntate
1531 3457 1814 3548 pendere
1861 3456 2054 3536 sinat,
2107 3462 2335 3524 utrum
2391 3456 2569 3546 quod

391 3597 423 3633 α
458 3568 763 3660 proponit
794 3568 1129 3659 expleatur
1158 3589 1242 3635 an
1270 3588 1427 3645 non,
1461 3588 1537 3634 eo
1577 3571 1916 3634 contra....
1951 3590 1984 3628 »
2031 3563 2128 3653 (at
2161 3563 2328 3631 mihi
2364 3563 2503 3631 haec
2531 3586 2566 3633 e

386 3675 755 3766 germanico
782 3695 1085 3743 sermone
1112 3672 1411 3758 vertenti,
1438 3678 1843 3762 repugnante
1871 3671 2074 3739 latina
2104 3670 2353 3760 lingua,
2389 3666 2566 3763 auxi-

385 3785 567 3853 liaris
595 3783 787 3861 adsit,
828 3781 883 3849 si
920 3788 1168 3871 potest,
1200 3780 1438 3870 graeca)
1474 3804 1506 3843 «
1557 3786 1808 3867 γίγνεται
1848 3784 1959 3846 διὰ·
1994 3788 2152 3845 τοῦτο
2203 3784 2268 3846 τὸ
2313 3784 2564 3866 δεύτερεν

385 3900 476 3961 καὶ
502 3904 755 3981 κρεῖττον
784 3900 849 3958 ὃν
878 3896 1194 3966 ὄεὺλεσθκι,
1220 3894 1289 3957 ἐκ
1314 3898 1409 3956 τοῦ
1439 3896 1658 3975 πρώτα)
1686 3891 2087 3967 amaeam&
2119 3891 2252 3953 δεῖν.
2287 3910 2320 3947 >>
2356 3882 2563 3965 Verba

382 4005 535 4067 sunt
590 3996 961 4087 germanice
998 4019 1028 4061 -z
1094 4020 1126 4058 «
1179 3994 1265 4061 So
1315 3993 1484 4059 wir-d
1543 3992 1751 4057 durch
1810 3990 2292 4078 Ritckwirkunq
2348 3987 2558 4067 dieses

382 4109 646 4175 zweiten
686 4105 1134 4193 maechtiqeren
1168 4101 1466 4169 -Wollens
1516 4122 1642 4168 aus
1676 4099 1830 4164 -dem
1875 4106 2091 4162 ersten
2155 4097 2399 4180 Wollen
2450 4098 2559 4183 ezfn

386 4220 625 4285 Sallen.
678 4240 735 4278 ‚,.
776 4214 905 4301 Ego
964 4210 1446 4289 vero,..omissa
1497 4207 1757 4297 longius
1802 4204 2114 4275 arcessita
2173 4203 2560 4293 intorpreta-

384 4322 583 4396 tione‚
604 4319 945 4409 conjicere
990 4317 1421 4387 sustinuerim
1452 4340 1469 4383 ε
1514 4316 1737 4405 prius,
1779 4313 1847 4393 in
1881 4311 2036 4419 ipsal
2059 4311 2148 4386 ¹de
2181 4308 2324 4401 qua
2341 4310 2556 4401 agitur
