3234 5150
1075 809 1926 976 PROOEMIUM.

1361 1107 1647 1124 m

2196 1153 2225 1169 l

507 1343 870 1423 Medorum,
914 1343 1029 1432 qui
1068 1343 1262 1444 vulgo
1314 1349 1655 1423 vocantur,
1706 1344 1775 1412 in
1828 1343 2305 1436 indoeuropaeis
2351 1341 2597 1433 linguis

423 1459 712 1550 antiquis
743 1482 955 1530 unum
991 1461 1091 1548 (ut
1120 1460 1463 1555 partieipia
1493 1462 1851 1543 omittam),
1898 1485 2134 1557 nempe
2165 1463 2589 1541 infinitivum,

425 1577 602 1646 haud
636 1577 815 1647 verbi
855 1577 1089 1646 formis
1122 1573 1717 1660 annumerandum,
1762 1579 1875 1649 sed
1914 1581 1995 1649 ad
2025 1603 2263 1650 nomen
2298 1581 2595 1670 delegan-

425 1695 585 1764 dum
643 1717 809 1776 esse,
845 1695 1242 1786 jamdudum
1288 1696 1462 1766 inter
1499 1695 1723 1768 doctos
1771 1705 2046 1768 constat.
2096 1699 2415 1778 Alterum,
2464 1698 2593 1765 im·

424 1812 790 1904 perativum
840 1813 1010 1895 dieo,
1058 1821 1282 1906 utpote
1324 1814 1761 1906 personalem,
1814 1816 1993 1886 verbi
2044 1817 2129 1886 ab
2167 1817 2315 1907 ipsa*
2347 1815 2598 1904 origine

425 1932 766 2026 proprium
820 1931 1026 2002 fuisse
1079 1933 1181 2002 vel
1245 1935 1701 2024 comparativae
1756 1936 2200 2026 grammaticae
2251 1934 2600 2024 scriptores

423 2047 818 2120 recentiores
888 2049 1186 2140 plerique
1251 2048 1509 2131 docent,
1577 2072 1696 2140 ego
1765 2073 1941 2131 vero,
2011 2051 2251 2141 partim
2333 2049 2599 2140 quidem

427 2157 648 2246 verbo,
709 2165 950 2256 partim
987 2172 1232 2246 tamen,
1264 2173 1337 2234 ut
1376 2166 1617 2236 ficticio
1652 2167 1937 2257 quodam
1988 2189 2198 2256 neque
2244 2165 2601 2234 admodum

427 2281 696 2371 antiquo
744 2301 1174 2372 personarum
1223 2280 1606 2351 discrimine
1665 2281 2075 2361 distinctum,
2136 2279 2390 2349 nomini
2442 2301 2602 2369 quo-

428 2419 555 2491 que
608 2397 892 2467 vindico,
942 2398 1030 2464 Ex
1092 2397 1296 2487 hujus
1356 2406 1576 2467 autem
1621 2398 1893 2478 formis,
1946 2419 2109 2488 quas
2157 2419 2288 2465 non
2346 2401 2603 2463 tantum

429 2513 644 2607 specie
674 2521 738 2583 ct
772 2536 925 2595 usu,
961 2513 1073 2583 sed
1109 2535 1179 2583 re
1209 2521 1272 2582 et
1303 2514 1697 2605 etymologia
1735 2514 1805 2583 in
1832 2513 2361 2585 terminationem
2387 2535 2605 2603 perso-

431 2655 533 2702 nae
559 2631 844 2701 indicem
875 2630 1050 2700 exire
1079 2630 1311 2721 etipse
1333 2632 1648 2712 concede,
1682 2652 1774 2700 eae
1806 2632 1889 2700 ad
1918 2632 2438 2722 conjunctivum,
2474 2631 2606 2700 sive

431 2749 820 2841 genuinum,
845 2748 1004 2829 sive,
1033 2748 1208 2838 quod
1243 2755 1462 2838 postea
1491 2748 1972 2840 explanabitur,
1995 2748 2184 2839 quasi
2203 2748 2601 2827 adulterum,

417 2866 788 2937 -referendae
816 2872 994 2935 sunt.
1025 2864 1179 2934 Inde
1200 2864 1478 2956 intelligi
1509 2872 1882 2959 potestcam
1914 2866 2080 2933 mihi
2110 2888 2378 2934 eausam
2406 2864 2608 2933 fuisse

435 3006 557 3054 cur
607 2983 687 3052 de
732 2982 1014 3076 optativo
1056 2987 1121 3050 et
1158 2981 1236 3051 de
1271 2982 1690 3072 conjunctivo
1731 3004 1864 3051 una
1895 2982 2442 3051 commentatione
2470 2981 2603 3050 dis-

436 3123 651 3170 serere
695 3100 1138 3179 instituerem,
1180 3099 1354 3189 quod
1385 3099 1428 3165 ii
1471 3098 1593 3165 soli
1634 3099 2010 3188 personales
2048 3120 2191 3168 esse
2222 3106 2287 3168 et
2314 3098 2385 3166 in
2430 3092 2608 3167 verbi

435 3218 647 3309 ipsius
679 3217 1037 3287 formulam
1062 3215 1293 3285 cadere
1317 3212 1482 3282 mihi
1508 3214 1836 3284 videntur.

527 3337 701 3415 Quos
744 3356 953 3425 quum
1011 3333 1232 3401 minus
1296 3317 1853 3423 impersonalibus
1904 3354 2253 3425 opponere,
2308 3354 2505 3423 quam
2536 3350 2609 3401 ex

439 3451 596 3532 illis,
632 3451 687 3520 si
719 3451 858 3520 fieri
899 3451 1130 3541 possit,
1161 3449 1496 3518 illustrare
1537 3450 1951 3541 propositum
1992 3450 2292 3529 habeam,
2344 3448 2616 3517 infiniti-

440 3584 558 3629 vus
594 3582 856 3650 quoque
881 3567 944 3627 et
974 3557 1402 3648 imperativus
1432 3557 1597 3626 mihi
1633 3558 1992 3652 attingendi
2026 3566 2243 3638 erunt,
2281 3557 2393 3627 sed
2424 3556 2514 3625 ita
2542 3563 2617 3624 ut

442 3678 521 3748 de
556 3677 902 3757 infinitivo,
953 3699 1160 3766 quum
1201 3698 1364 3744 nova
1404 3697 1535 3743 non
1577 3676 1923 3744 habuerim
1955 3698 2102 3765 quae
2136 3696 2611 3767 expromerem,

441 3794 594 3864 trita
623 3816 982 3886 properans
1011 3815 1419 3884 percurram,
1466 3792 1544 3860 de
1583 3791 1967 3884 imperativo
2017 3800 2237 3862 autem
2273 3791 2614 3883 {propriam

443 3912 767 3981 sentiendi
814 3908 1162 3993 rationem,
1212 3908 1326 3978 ubi
1374 3908 1630 3977 occasio
1681 3916 2045 3999 opportuna
2092 3908 2471 4000 postulabit,
2515 3929 2619 3975 ex-

442 4030 684 4123 plicem
748 4034 811 4096 et
867 4028 1257 4097 confirmare
1325 4025 1524 4094 nitar.
1589 4025 1766 4093 Hanc
1825 4026 2119 4116 quidem,
2184 4024 2485 4117 quamvis
2540 4023 2622 4090 ab

445 4149 685 4219 usitata
717 4144 1025 4236 opinione
1054 4143 1545 4222 desciscentem,
1576 4142 1806 4211 lectori
1836 4149 2057 4214 tamen
2092 4167 2198 4213 me
2234 4142 2625 4235 approbatu-

447 4288 598 4335 rum
645 4286 778 4332 non
828 4261 1125 4353 despero,
1181 4282 1394 4351 neque
1437 4282 1510 4328 ex
1560 4257 1942 4330 illustrioris
1976 4268 2040 4330 ct
2072 4257 2514 4352 expeditioris,
2552 4263 2629 4325 ut

2328 4392 2353 4441 1
