3234 5150
1285 405 1566 476 ...27-

329 532 402 616 ‘in
447 531 530 606 iis
561 531 920 621 signi-ficari
950 531 1228 605 aetionis
1258 530 1509 600 diutius
1553 531 1955 603 continuatae
1996 532 2359 615 notionem,
2396 535 2518 607 ho'c

334 640 652 736 attingere
677 642 1092 732 supersedeo.
1117 641 1281 713 Nam
1311 640 1572 710 etiamsi
1607 642 1919 713 omnibus
1938 641 2205 715 Curtius
2224 643 2429 732 (quod
2458 643 2519 712 ei
2549 669 2555 674 ·

334 769 467 820 non
499 747 842 826 successit,
877 748 963 818 of,
999 749 1268 821 Thurot.
1288 748 1629 820 Memoires
1658 751 1833 816 dela
1863 751 2117 818 Socim
2138 753 2217 819 de
2242 753 2519 840 linquis·

335 858 536 944 tique,
565 859 614 938 Ι,
652 881 718 948 p.
766 857 920 946 111)
965 856 1332 924 doctrinam
1377 859 1870 946 approbavisset
1933 859 2014 927 de
2060 859 2402 948 praesentis
2456 867 2525 931 et

335 959 568 1033 aoristi
607 962 979 1031 thematum
1013 959 1314 1029 sensibus
1363 959 1536 1031 inter
1585 982 1657 1033 se
1704 961 1987 1040 collati-s,
2024 963 2149 1032 hoc
2186 969 2361 1031 certe
2388 982 2523 1030 non

337 1077 606 1158 negaret
646 1071 867 1140 thema
915 1068 1261 1160 praesentis
1307 1067 1669 1158 saepissime
1712 1074 1828 1142 aut
1869 1069 2090 1144 radice
2145 1071 2325 1141 nuda
2370 1089 2525 1142 con·-

339 1181 548 1256 stare‚
585 1182 700 1245 aut
732 1197 915 1246 mera
953 1175 1278 1268 particula
1303 1176 1532 1249 suffixa
1564 1176 1933 1252 informari.
1968 1177 2151 1256 Quod
2194 1177 2277 1249 ad
2313 1176 2525 1268 passi·-

339 1308 505 1357 vum·
553 1285 1068 1376 significandum
1129 1290 1408 1375 spectat,
1473 1285 1705 1359 dubito
1776 1307 1862 1360 an
1920 1285 2004 1360 ad
2062 1286 2255 1360 illum
2325 1305 2525 1358 usum

339 1393 598 1462 facilius
621 1415 741 1483 per
759 1393 1097 1462 notionem
1131 1395 1336 1460 eundi
1362 1398 1761 1465 transeatur.
1782 1395 1945 1466 Nam
1969 1393 2147 1484 quod
2176 1393 2356 1464 notio
2379 1414 2528 1483 pas-

341 1500 548 1590 sipnis
600 1501 681 1570 ad
740 1501 1078 1572 notionem
1127 1501 1404 1572 aetionis
1461 1501 1713 1570 diutius
1779 1501 2177 1574 continuatas
2242 1500 2553 1573 refertur·

343 1609 652 1698 (Curtius,
699 1612 820 1677 lom
859 1612 999 1689 cit„
1041 1633 1113 1700 p.
1165 1609 1304 1699 89),
1362 1610 1487 1677 hoo
1529 1615 1632 1678 est
1680 1609 2024 1700 implicare
2079 1608 2289 1697 magis
2327 1617 2529 1698 quain

343 1715 667 1809 explicare
717 1716 992 1786 nodum.
1029 1716 1078 1788 E
1109 1715 1554 1788 locutionibus
1599 1722 1825 1789 autem
1858 1717 2087 1807 quales
2122 1721 2281 1787 sunt
2306 1715 2529 1787 latinae

344 1844 579 1894 venum
608 1827 730 1904 ire,
764 1835 1059 1894 amatum
1093 1827 1187 1892 iri
1209 1824 1377 1892 nihil
1404 1824 1660 1896 hauriri
1685 1831 1926 1916 potest.
1954 1825 2115 1897 Nam
2136 1824 2207 1896 in
2233 1832 2528 1895 amatum

347 1932 441 1996 iri
473 1952 605 1998 non
637 1930 766 2020 ipsi
794 1931 990 1998 verbo
1027 1933 1231 1998 eundi
1255 1930 1581 2020 passionis
1613 1930 1795 2004 notio
1831 1931 2025 2009 inest,
2055 1938 2263 2019 quum
2308 1929 2527 2020 ipsum

348 2037 588 2127 passivi
617 2038 1154 2109 terminationem·
1169 2037 1493 2116 exhibeat,
1520 2039 1635 2112 sed
1663 2039 1873 2112 futuri
1904 2039 2074 2112 utin
2100 2038 2333 2128 gallica
2365 2035 2531 2127 peri-

349 2146 573 2237 phrasi
611 2149 686 2240 je
729 2150 875 2220 vais
921 2149 1156 2216 aimer.
1200 2147 1271 2218 In
1308 2169 1544 2217 venum
1595 2149 1698 2218 ire
1744 2154 1991 2226 autem,
2042 2146 2239 2220 Verbo
2271 2148 2371 2215 ire
2397 2162 2531 2215 non

351 2254 562 2346 magis
604 2254 941 2344 passivum
984 2254 1574 2344 genusindieatur
1620 2277 1819 2346 quam
1866 2255 1937 2324 in
1983 2258 2202 2327 lusum
2243 2255 2343 2323 ire
2382 2250 2533 2324 aeti-

350 2386 532 2436 vum.
553 2363 661 2435 Vis
688 2362 948 2456 passiva
979 2362 1051 2435 in
1071 2363 1400 2452 ejusmodi
1416 2363 1865 2437 locutionibus
1893 2361 2302 2456 ipsi'nomini
2332 2361 2528 2440 inest,

351 2477 466 2542 aut
491 2490 796 2564 expressa
843 2476 920 2543 ut
964 2469 1036 2538 in
1075 2469 1458 2543 sanseritiea
1486 2494 1565 2538 sa
1593 2473 1839 2560 qached
1870 2473 2285 2559 vadhy'atam·
2310 2479 2534 2536 mama

351 2579 466 2671 (cf,
491 2602 724 2669 supra,
761 2601 827 2669 p.
856 2580 944 2649 24
974 2585 1111 2652 not.
1139 2580 1232 2669 1),
1257 2600 1466 2669 quum
1493 2580 1899 2655 abstractum
1938 2600 2180 2651 nomen
2202 2579 2535 2665 vadhyata

357 2714 390 2753 α
428 2688 711 2778 qualitas
737 2708 1034 2781 personae
1077 2685 1448 2758 occidendae
1497 2712 1531 2753 »
1565 2686 1979 2778 a-participio
2026 2686 2251 2760 futuro
2290 2684 2533 2775 passivi

355 2797 440 2866 sit
455 2795 860 2876 derivatum,
896 2802 1010 2867 aut
1059 2794 1394 2866 intellecta
1433 2802 1634 2874 certe,
1676 2802 1753 2866 ut
1786 2796 1859 2868 in
1908 2794 2112 2869 latina
2144 2818 2380 2866 venum
2407 2796 2531 2872 ire,

354 2910 419 2972 et
444 2904 515 2971 in
543 2903 690 2972 aliis
710 2924 828 2995 per
847 2902 1060 2972 varias
1085 2903 1352 2992 linguas
1370 2903 1625 2981 multis,
1649 2918 1858 2992 quum
1878 2902 2226 2975 nominum
2258 2901 2538 2971 abstrae-

355 3013 582 3081 torum
602 3010 702 3081 vis
739 3030 858 3102 per
882 3031 976 3091 se,
1008 3016 1074 3078 et
1102 3017 1455 3099 antequam
1497 3009 1893 3082 certioribus
1932 3030 2095 3079 usus
2138 3008 2383 3081 finibus
2418 3013 2539 3078 ter-

360 3118 607 3189 minata
635 3117 746 3199 sit,
783 3138 916 3185 non
946 3116 1156 3205 magis
1185 3116 1393 3186 activa
1425 3115 1627 3189 fuerit
1654 3137 1855 3205 quam
1875 3114 2159 3205 passiva.
2182 3114 2271 3186 Ne
2316 3119 2537 3185 autem

361 3224 528 3323 mihi
553 3223 938 3317 opposueris
960 3222 1362 3294 locutionem
1383 3245 1536 3293 cum
1565 3246 1803 3297 venum
1832 3225 1934 3294 ire
1956 3226 2409 3313 'comparatam
2436 3232 2539 3291 ve-

361 3356 524 3401 num
559 3334 746 3413 dare,
783 3330 1091 3421 intellige.
1110 3330 1181 3399 in
1224 3331 1335 3401 his·
1363 3330 1681 3422 exemplis
1726 3330 2001 3402 verbum
2044 3332 2209 3401 dare
2254 3352 2291 3397 a
2342 3328 2541 3401 verbo

361 3443 484 3519 ire,
523 3461 658 3508 non
699 3444 781 3507 *ut
827 3461 865 3507 a
913 3438 1175 3530 passivo
1233 3460 1469 3528 genere
1521 3437 1849 3519 activum,
1888 3438 2005 3511 sed
2062 3444 2135 3511 ut
2190 3436 2271 3509 ab
2332 3435 2543 3510 activo

361 3546 539 3616 verbi
597 3546 898 3617 neutrius
939 3546 1352 3619 causativum
1393 3548 1440 3627 ¹·,
1483 3546 1777 3622 differre.
1834 3545 2017 3618 Haud
2071 3544 2262 3619 aliter
2308 3542 2379 3616 in
2426 3542 2543 3611 illo

364 3654 766 3741 sanseritioae
783 3652 1025 3743 linguae
1042 3656 1326 3745 passivo,
1347 3655 1404 3723 si
1427 3676 1546 3752 per
1565 3654 1865 3745 ejusdem
1890 3653 2069 3728 modi
2101 3651 2543 3743 periphrasim

363 3763 795 3832 informatum
830 3759 1086 3849 fuisset,
1117 3763 1324 3834 radici
1354 3762 1600 3853 potius,
1640 3761 1949 3835 infinitivi
1988 3766 2103 3834 aut
2128 3759 2415 3830 nominis
2446 3778 2553 3828 ac-·

364 3869 564 3940 tionis
594 3869 803 3940 vicem
833 3868 1145 3959 explenti,
1168 3892 1368 3959 quam
1401 3868 1711 3943 auxiliari
1739 3870 1935 3938 verbo
1962 3868 2060 3941 vis
2088 3868 2348 3960 passiva
2376 3871 2549 3935 esset

366 3976 739 4055 tribuenda.
779 3978 995 4061 Quum
1045 3983 1272 4049 autem.
1305 3978 1475 4046 nihil
1503 3978 1916 4069 impediisset
1954 3978 2117 4068 quin
2160 3998 2402 4048 nomen
2450 3996 2549 4044 ae·

365 4085 588 4165 tionis,
626 4084 803 4154 haud
834 4106 1024 4159 secus
1055 4107 1130 4155 ac
1159 4108 1403 4161 nomen
1431 4086 1683 4177 agentis
1727 4086 1797 4158 in
1839 4084 2180 4176 praesentis
2219 4082 2414 4157 activi
2453 4082 2547 4150 in-

432 4315 494 4370 1:
517 4321 633 4371 vide
655 4334 769 4371 mox
791 4319 938 4379 intra,
965 4333 1016 4383 p.
1047 4281 1122 4368 28.
