3234 5150
1327 528 1395 540 ..
1435 499 1610 554 45..-

365 625 504 693 imo
537 631 698 694 tunc
743 623 1132 714 praesertim,
1159 623 1427 694 multas
1467 622 1814 697 varietates
1857 622 1975 690 uni
2010 629 2075 692 et
2112 622 2327 692 eidem
2375 621 2565 714 signo

364 740 602 832 subjici
631 740 946 831 potuisse.
983 739 1168 819 Quod
1207 739 1540 810 illustrius
1581 738 2325 832 demonstrandumest.
2376 774 2383 778 ·

415 879 420 884 ·
451 849 524 917 ln
568 848 932 918 recentiore
961 848 1231 940 quidem
1261 847 1578 939 loquendi
1608 870 1738 918 usu
1768 846 2362 922 vetustioriformae
2394 868 2564 939 saepe

363 955 1022 1027 circumlocutionem
1070 956 1464 1027 successisse
1505 956 1739 1048 liquet,
1792 955 1925 1042 cui,
1982 978 2115 1026 uno
2159 955 2455 1048 primum
2497 961 2564 1025 et

363 1063 629 1133 definito
663 1085 860 1133 sensu
896 1065 1350 1154 frequentatae,
1389 1065 1540 1134 novi
1566 1086 1684 1156 per
1730 1063 1945 1155 ipsam
1996 1064 2353 1134 verborum
2406 1085 2559 1134 con-

356 1172 767 1262 junctionem
816 1194 1050 1242 sensus
1096 1172 1390 1242 vicissim
1449 1171 1734 1242 adhibiti
1802 1178 1979 1242 sunt.
2038 1172 2349 1264 Exempla
2402 1179 2561 1270 sunt

362 1278 500 1360 illa,
540 1279 620 1348 de
643 1279 887 1371 quibus
933 1278 1188 1349 dictum
1222 1286 1346 1368 est,
1387 1278 1735 1350 auxiliaria
1768 1280 1990 1359 verba,
2026 1302 2101 1349 ac
2132 1279 2555 1372 potissimum

359 1388 633 1456 verbum
677 1391 891 1468 avoir,
931 1387 1138 1456 latine
1169 1389 1430 1467 habere,
1481 1409 1612 1477 quo
1651 1387 1734 1455 ad
1769 1385 2267 1464 informandum
2298 1393 2557 1479 praeter·

360 1493 528 1562 itum
568 1495 922 1565 romanicae
967 1494 1212 1584 linguae
1254 1500 1555 1564 utuntur.
1608 1494 1945 1583 Ejusmodi
1986 1494 2391 1586 periphrasis
2429 1494 2555 1586 pri-

362 1623 512 1671 mus
555 1603 696 1672 sine
747 1602 950 1672 dubio
1001 1625 1166 1672 usus
1218 1602 1346 1672 fuit
1388 1603 1460 1672 in
1503 1603 1847 1672 sententiis
1901 1603 2119 1694 qualis
2170 1609 2270 1672 est
2317 1602 2555 1694 gallica

363 1717 398 1775 «'
423 1709 541 1799 J’ai
572 1712 802 1780 achete
828 1732 961 1780 une
985 1710 1244 1780 maison
1267 1737 1302 1776 ι)
1331 1710 1526 1782 idest
1557 1738 1590 1777 «
1613 1710 1732 1801 j’ai
1758 1733 1890 1780 une
1914 1711 2172 1781 maison
2199 1713 2461 1782 achetee
2486 1737 2547 1792 φ),

361 1819 535 1908 quod
568 1818 774 1888 latine
802 1841 1064 1909 quoque
1093 1818 1225 1888 dici
1257 1825 1514 1910 potest:
1552 1845 1586 1884 «
1632 1820 1867 1899 haben,
1907 1825 2097 1889 teneo
2116 1826 2413 1910 ‘emptam
2440 1818 2553 1887 do-

361 1948 572 1995 mum.
633 1952 666 1991 »
726 1925 845 1994 Ubi
904 1933 1125 1995 autem
1176 1927 1406 1996 abusu.
1437 1927 1726 2018 quodam
1797 1927 2059 2017 irrepsit
2107 1927 2351 1996 locutio
2412 1928 2553 1996 haec

365 2057 398 2096 a
425 2032 543 2122 J'ai
572 2033 789 2102 vendu
815 2055 924 2102 ma
959 2033 1217 2102 maison
1251 2059 1284 2098 »
1316 2033 1385 2101 id
1418 2039 1517 2102 est
1553 2033 1733 2123 «·j'ai
1769 2055 1879 2102 ma
1904 2032 2162 2103 maison
2190 2019 2453 2120 yendue
2480 2057 2543 2121 u,

307 2149 320 2164 ‘
360 2141 536 2228 quod
576 2140 778 2210 latine
819 2140 1103 2210 absurde
1151 2146 1413 2210 sonaret
1454 2164 1490 2205 «
1534 2141 1745 2209 habeo
1790 2139 2124 2210 venditam
2172 2140 2445 2208 domum
2481 2163 2546 2224 »,

357 2256 504 2317 tum
546 2249 810 2342 propria
842 2249 1243 2320 informandi
1279 2248 1592 2340 praeteriti
1636 2249 1805 2318 ratio
1851 2248 2113 2334 inventa
2146 2256 2267 2318 est.
2303 2247 2389 2329 ,In
2413 2249 2551 2349 ⁴hoc

362 2356 632 2444 quidem
674 2358 972 2447 exemplo
1015 2356 1340 2449 posterior
1378 2379 1564 2441 usuS,
1603 2377 1723 2448 per
1766 2357 1982 2426 varios
2027 2377 2259 2426 sensus
2307 2355 2551 2448 imm-u·

355 2464 542 2533 tandi
573 2465 844 2554 graduS,
876 2466 959 2534 ad
983 2465 1272 2556 priorem
1299 2488 1509 2534 unum
1538 2465 1948 2536 revocandus
1987 2471 2109 2534 est.
2138 2467 2295 2545 Quae
2328 2472 2550 2534 autem

357 2571 461 2641 via
497 2572 580 2641 ad
616 2574 1014 2643 recentiores
1055 2574 1679 2645 circumlocutiones
1715 2574 2135 2666 explicandas
2181 2574 2417 2644 idonea
2458 2572 2553 2663 vi-

356 2680 582 2760 detur,
645 2702 722 2750 ea
780 2681 1304 2751 remotissimum
1353 2682 1548 2751 illum
1592 2681 1981 2761 terminum,
2035 2678 2432 2769 conjunctivi
2488 2686 2555 2747 et

358 2787 627 2878 optativi
669 2788 805 2857 vim
849 2788 1382 2880 antiquissimam
1434 2788 1807 2881 petentibus
1863 2787 2041 2858 haud
2104 2788 2245 2857 sine
2292 2785 2552 2879 ,dubita-

357 2892 536 2961 tione
559 2894 868 2963 tentanda
895 2901 1019 2963 est.
1071 2978 1078 2983 ἡ
1998 2980 2002 2985 .
2120 2977 2127 2985 .
2334 2976 2343 2985 ,

443 2999 704 3090 Linguae
729 3002 830 3070 vel
860 3002 1166 3092 perfectae
1198 3001 1496 3092 longiore
1523 3002 1735 3079 cultu,
1770 3000 1905 3069 imo
1935 2998 2094 3091 ipsae
2121 2995 2542 3080 recentiore8‚
2626 2990 2633 2993 ’

355 3109 439 3176 ad
466 3108 878 3184 locutionum
907 3116 1126 3201 partes
1157 3110 1488 3179 subtiliter
1517 3107 1959 3200 dispiciendas
1989 3114 2054 3176 et
2086 3106 2545 3203 exprimendas

353 3215 639 3286 maxime
676 3224 866 3309 aptae,
905 3238 1104 3307 quam
1151 3218 1360 3285 multa
1388 3223 1650 3287 taceant
1678 3238 1825 3337 quae
1853 3215 2195 3308 intellectu
2224 3214 2543 3306 explenda

353 3322 508 3405 sint,
552 3346 589 3393 e
629 3325 967 3394 luculento
1009 3324 1234 3393 libello
1281 3323 1582 3415 magistri
1629 3323 1759 3393 mei
1792 3300 2062 3402 Brealis,
2091 3325 2215 3391 Des
2252 3325 2426 3391 idries
2455 3326 2546 3391 la-

353 3440 556 3499 tentes
586 3434 672 3500 du
697 3436 998 3523 lan9a9e‚
1023 3432 1476 3502 illustrissime
1494 3439 1787 3524 apparet.
1818 3416 2074 3508 Quanto
2100 3437 2322 3500 autem
2351 3407 2545 3522 plura

355 3537 723 3619 homines,
705 3562 776 3608 ιιι
795 3540 1010 3631 prima
1033 3540 1360 3609 sermonis
1383 3546 1596 3618 aetate,
1620 3537 1800 3609 sonis
1830 3538 2145 3637 mandare
2173 3545 2290 3607 aut
2313 3538 2543 3630 nequi-

352 3645 586 3727 verint,
631 3654 746 3716 aut
777 3646 1146 3724 omiserint,
1183 3648 1375 3717 facile
1414 3647 1679 3717 odorari
1709 3668 2085 3738 possumus.
2123 3650 2258 3715 Imo
2298 3645 2542 3716 indicia

352 3776 583 3825 earum
641 3756 989 3825 notionum
1033 3777 1179 3846 quae
1222 3755 1294 3824 in
1336 3755 1817 3846 indoeuropaeis
1860 3754 2105 3853 linguis
2150 3754 2541 3825 flexionibus

352 3863 804 3952 grammaticis
851 3862 1339 3955 exprimuntur,
1385 3863 1465 3932 in
1513 3863 1910 3960 quibusdam
1961 3862 2134 3942 aliis,
2177 3868 2254 3931 ut
2271 3862 2535 3949 sinica,

352 3968 550 4040 etiam
581 3993 760 4040 nunc
793 3971 980 4040 nulla
1020 3979 1198 4055 sunt,
1235 3970 1412 4061 apud
1441 3992 1671 4039 omnes
1707 3976 1929 4040 autem
1960 3968 2326 4059 antiquitus
2354 3954 2539 4071 nulla

351 4077 643 4148 fuerunt.
680 4080 1019 4149 Modorum
1048 4077 1252 4169 igitur
1291 4078 1502 4169 signa,
1560 4084 1638 4147 ut
1672 4076 1801 4147 alia
1826 4083 2103 4158 taceam,
2134 4076 2379 4167 linguae
2406 4100 2543 4146 om·

351 4184 541 4255 nium
581 4186 1196 4279 indoeuropaearum
1233 4184 1533 4276 genitrici
1566 4185 1899 4276 quondam
1948 4184 2217 4255 omnino
2250 4178 2540 4257 defuisse

352 4314 548 4363 nemo
575 4302 676 4364 est
702 4294 815 4384 qui
848 4294 1192 4364 infitietur.

441 4404 544 4483 At,
605 4402 850 4483 hercle,
904 4403 1190 4494 majores
1245 4398 1456 4471 nostri
1511 4406 1865 4491 antequam
1903 4394 2175 4491 optativi
2226 4386 2343 4473 aut
2386 4392 2542 4503 cona*
