3234 5150
1576 410 1858 467 ...24-

644 561 792 610 rum
825 538 1245 608 auxiliarium
1280 536 1632 607 verborum
1664 558 1786 628 ope
1815 537 2011 608 effici.
2044 539 2217 606 Nam·
2242 538 2313 607 in
2342 538 2544 607 latina
2566 539 2819 632 lingua,

641 647 892 736 gallicae
920 644 1260 736 genitrice,
1290 643 1487 712 verba
1511 645 1750 712 habere
1776 651 1842 713 ct
1865 654 2044 714 stare
2066 646 2363 714 nondum
2396 645 2821 716 auxiliarium

641 761 858 843 partes
903 759 1127 844 agunt,
1177 752 1373 821 verba
1413 775 1562 818 sum
1607 758 1673 822 et
1724 755 1833 842 fui
1874 753 1953 820 ad
2003 752 2527 842 exprimendum,
2580 754 2825 844 partim

642 869 900 930 tantum
931 860 1267 952 passivum
1295 881 1529 948 genus,
1573 858 1645 928 in
1687 860 1897 929 activo
1940 867 2161 929 autem
2202 882 2439 950 genere
2488 861 2658 929 nihil
2699 861 2827 931 nisi

642 969 970 1048 futurum,
1035 989 1241 1058 quum
1296 967 1725 1056 conjunctivi,
1787 974 1928 1036 tum
1986 967 2315 1047 infinitivi,
2368 969 2820 1039 conferuntur.

638 1076 832 1146 Aliud
859 1076 1126 1166 quidem
1156 1074 1476 1144 auxiliare
1508 1098 1580 1142 eo
1607 1074 1869 1143 exhibet
1896 1075 2105 1144 futuri
2135 1074 2376 1166 passivi
2404 1076 2771 1148 infinitivus
2807 1102 2823 1146 ε
2929 1062 2939 1073 ’

641 1195 934 1252 arnatum
987 1188 1103 1254 iri.
1135 1185 1344 1274 Hujus
1403 1190 1625 1252 autem
1678 1183 1749 1251 in
1798 1184 2035 1274 gallica
2085 1184 2311 1274 lingua
2363 1185 2685 1256 vicarium
2732 1195 2831 1258 est

640 1294 914 1362 verbum
951 1295 1026 1381 je
1079 1294 1226 1360 vais
1284 1291 1356 1358 in
1427 1291 1555 1360 alia
1615 1292 1825 1361 futuri
1888 1292 2351 1390 informatione
2400 1297 2477 1384 je
2528 1297 2671 1362 vais
2732 1297 2830 1363 ai-

641 1426 800 1470 mer.
845 1400 1281 1470 Auxiliarium
1318 1398 1544 1490 igitur,
1587 1422 1722 1469 non
1782 1407 2043 1470 tantum
2095 1401 2413 1471 rariorem
2452 1425 2678 1483 usum,
2717 1403 2829 1472 sed

639 1508 838 1576 etiam
882 1506 1208 1573 minorem
1252 1526 1610 1575 numerum
1664 1507 1733 1575 in
1782 1507 1985 1576 latina
2036 1507 2262 1596 lingua
2305 1508 2511 1578 fuisse
2545 1515 2825 1578 constat.

642 1615 810 1694 Quid
857 1616 1072 1684 dicam
1098 1615 1178 1684 de
1217 1637 1426 1704 graeca
1456 1637 1604 1706 quae
1648 1617 1719 1684 in
1749 1615 1972 1685 radice
2006 1624 2093 1700 ἐσ,
2124 1616 2436 1707 primitus
2465 1641 2541 1685 as
2580 1643 2616 1683 «
2636 1640 2825 1714 esse»

642 1723 836 1792 illum
864 1723 944 1792 de
975 1746 1106 1813 quo
1139 1724 1399 1812 agimus
1443 1747 1643 1792 usum
1673 1723 1781 1793 vix
1808 1723 2219 1803 inchoatum,
2255 1745 2492 1814 nempe
2521 1724 2591 1792 in
2619 1724 2830 1794 tertiis

645 1853 816 1923 pers.
851 1831 1016 1922 perf.
1061 1837 1126 1899 et
1166 1831 1258 1921 pl.
1294 1855 1359 1922 q.
1403 1832 1572 1923 perf.
1621 1832 1796 1901 med.
1848 1832 1950 1902 vel
1998 1853 2173 1921 pass.
2213 1838 2289 1900 ut
2332 1839 2665 1919 ἠκουσμένοι
2703 1837 2828 1916 εἰσί,

643 1944 806 2023 ἦσαν,
841 1947 905 2009 et
935 1939 1261 2030 ejusmodi
1293 1939 1762 2018 locutionibuS,
1789 1940 1858 2008 in
1894 1939 2113 2008 radice
2147 1941 2276 2007 blm
2300 1965 2335 2004 «
2369 1938 2466 2010 fui
2498 1965 2531 2005 »
2567 1940 2831 2008 nullum

646 2050 914 2119 omnino
965 2049 1226 2118 exhibet
1271 2072 1286 2116 z
1339 2070 1494 2117 nam
1559 2049 1927 2138 perfectum
1992 2056 2241 2135 πέφυκα,
2315 2048 2373 2116 si
2442 2048 2523 2118 ad
2582 2046 2831 2138 copulae

646 2163 866 2247 partes
899 2155 1181 2245 agendas
1225 2161 1452 2245 aptum
1492 2154 1771 2233 videtur,
1806 2177 1925 2245 pro
1954 2154 2258 2226 auxiliari
2286 2161 2461 2224 certe
2490 2175 2835 2244 nunquam-

648 2271 1035 2356 usurpatu‘r.
1074 2265 1146 2331 In
1194 2262 1579 2332 sanseritica
1620 2263 1849 2352 lingua
1888 2263 2252 2333 recentiore
2297 2262 2638 2331 auxiliaris
2690 2263 2835 2353 qui·

651 2374 801 2442 dem
850 2370 1031 2439 verbi
1079 2370 1288 2439 vicem
1341 2371 1556 2460 explet
1616 2369 1805 2438 radix
1864 2373 1969 2438 as²
2018 2397 2052 2435 «
2104 2391 2248 2440 csse
2282 2395 2315 2434 »
2367 2370 2436 2436 in
2474 2373 2828 2451 auxiliari,

649 2478 827 2568 quod
891 2482 1146 2555 vocant,
1203 2476 1498 2555 futuro²‚
1557 2479 1974 2557 boddhasmi‚
2031 2476 2102 2544 in
2170 2475 2523 2546 vetustiore
2585 2484 2830 2560 autem,

652 2608 769 2656 seu
798 2586 1050 2666 vedica‚
1081 2586 1328 2671 ‚eadem
1372 2585 1554 2654 radix
1591 2586 1881 2676 copulae⁵
1907 2584 2175 2675 quidem
2220 2585 2609 2677 saepissime,
2652 2587 2834 2655 auxi·

652 2694 838 2763 liaris
867 2700 1089 2761 autem
1119 2693 1415 2762 nondum
1449 2700 1670 2782 partes
1704 2693 2016 2764 defendit.
2186 2776 2191 2779 ,

739 2802 852 2869 Sin
898 2807 1118 2869 autem
1169 2799 1621 2889 grammaticis
1665 2797 1745 2868 de
1788 2798 2171 2889 compositis
2211 2799 2563 2869 verborum
2608 2800 2839 2869 formis

656 2908 1131 2978 disserentibus
1159 2906 1354 2975 fldem
1379 2905 1839 2987 adhibeamUS‚
1861 2926 2025 2998 quas
2045 2906 2409 2975 locutiones
2428 2908 2497 2975 in
2526 2910 2843 2977 recentio-

655 3017 842 3086 ribus
871 3016 1115 3105 linguis
1143 3016 1392 3105 plures,
1426 3015 1496 3084 in
1522 3014 2006 3104 antiquioribus
2036 3022 2258 3084 autem
2288 3015 2631 3105 pauciores
2658 3038 2841 3107 repe-

655 3124 1155 3204 rimus,.eaedem
1186 3123 1509 3193 sermonis
1541 3123 1828 3214 origines
1862 3123 2111 3215 primas
2134 3122 2577 3214 repetentibus
2606 3146 2841 3194 rursus

716 3331 762 3380 1.
795 3331 863 3379 De
885 3330 1163 3394 periphrasi
1185 3334 1341 3387 taceo,
1367 3330 1420 3380 in
1445 3331 1733 3385 sanseritica
1758 3332 1931 3395 lingua
1948 3332 2081 3383 haud
2102 3346 2237 3389 rara,
2258 3346 2285 3381 e
2306 3330 2485 3385 formis
2502 3332 2642 3383 verbi
2670 3333 2845 3397 cujus-

651 3402 728 3452 vis
755 3418 779 3449 «
804 3401 880 3451 ire
905 3416 930 3448 ι
962 3399 1289 3463 significantis
1320 3405 1370 3449 et
1395 3401 1643 3452 abstracto
1662 3402 1863 3452 nomine
1879 3408 2155 3475 constante,
2176 3403 2338 3467 qualis
2371 3411 2447 3453 est
2478 3403 2533 3453 in
2552 3404 2686 3455 Nala
2708 3421 2771 3465 ix,
2793 3404 2837 3464 8,
2905 3440 2916 3446 -

653 3489 712 3521 sa
727 3472 944 3536 qaae-hed
958 3470 1266 3535 vadlzyaffim
1285 3486 1472 3531 mama,
1504 3486 1657 3536 quam
1674 3474 1889 3524 'totidem
1911 3475 2073 3525 verbis
2096 3476 2394 3525 transferam
2420 3489 2445 3523 α
2466 3475 2513 3526 Is
2532 3474 2627 3525 iret
2648 3476 2701 3525 in
2724 3474 2843 3539 qua-

651 3546 842 3595 litatem
872 3543 1127 3593 occidendi
1159 3542 1306 3601 mihi,
1329 3560 1352 3589 »
1381 3544 1432 3593 id
1473 3550 1549 3595 est
1574 3560 1598 3593 α
1620 3546 1669 3595 Is
1690 3546 1987 3597 occidendus
2020 3552 2151 3613 esset
2188 3546 2313 3596 mihi
2343 3562 2368 3594 ι
2394 3547 2482 3613 (cf.
2524 3547 2659 3609 Benf.
2692 3546 2845 3598 Ueber

647 3616 734 3667 die
761 3616 1073 3678 Entstekunq
1095 3615 1201 3664 und
1236 3615 1566 3681 Verwendunq
1594 3616 1684 3667 der
1710 3618 1781 3667 im
1803 3618 2037 3669 Samlerit
2063 3616 2155 3666 mit
2179 3633 2208 3668 1·
2234 3617 2573 3667 anlautenden
2590 3620 2844 3669 Persona-

657 3686 938 3750 lendunqen
970 3700 1060 3735 aus
1082 3686 1180 3735 der·
1195 3687 1317 3736 Aba.
1339 3687 1429 3736 der
1451 3689 1640 3751 konigl.
1674 3689 2113 3741 Gesellschaft'der
2128 3682 2280 3738 Wiss.⁷
2299 3703 2359 3739 zu
2388 3688 2667 3753 Gottingen,
2690 3690 2840 3749 ‘187o‚

656 3774 702 3823 p.
729 3757 828 3823 51).
852 3760 918 3808 Ex
939 3757 1184 3819 ejusmodi
1206 3759 1542 3809 locutionibus
1561 3762 1711 3811 verba
1728 3761 1883 3812 eundi
1901 3761 1962 3812 ad
1980 3759 2276 3811 auxiliarem
2292 3774 2439 3811 usum
2456 3766 2571 3824 apta
2589 3767 2845 3825 apparent,

655 3830 872 3881 nondum
899 3835 1064 3877 autem
1091 3829 1144 3878 in
1169 3829 1234 3879 iis
1253 3829 1518 3879 auxiliaria
1534 3832 1759 3881 habenda
1776 3836 1909 3882 sunt.

714 3901 762 3951 2.
793 3902 886 3950 Nec
908 3912 1009 3949 non
1049 3900 1103 3948 in
1121 3900 1498 3965 periphrastic«)
1525 3902 1659 3953 dicto
1687 3904 1926 3966 perfect0,
1953 3902 2042 3953 ubi
2075 3902 2129 3952 in
2156 3902 2265 3967 ejus
2294 3902 2455 3953 vicem
2478 3900 2581 3953 bh?
2598 3902 2675 3954 vel
2694 3903 2844 3957 etiam

653 3974 734 4024 kri
759 3992 783 4023 α
809 3972 971 4022 facere
997 3988 1022 4020 »
1051 3972 1288 4023 substitui
1315 3981 1490 4037 potest.
2464 3992 2468 4002 ·

715 4046 762 4094 5.
799 4044 935 4093 Inter
958 4044 1186 4106 copulam
1213 4050 1264 4093 et
1285 4045 1524 4095 auxiliare
1551 4047 1757 4097 verbum
1781 4047 1989 4111 proprie
2018 4046 2208 4097 dictum
2230 4046 2325 4098 hoc
2348 4047 2476 4097 mihi
2503 4047 2745 4099 interesse
2767 4050 2847 4100 vi-

651 4118 796 4166 detur
818 4114 1104 4171 discrimen,
1130 4114 1262 4176 quod
1281 4115 1461 4178 copula
1485 4130 1599 4165 cum
1621 4116 1773 4167 variis
1796 4118 1996 4180 quidem
2014 4118 2271 4168 nominum
2284 4119 2554 4181 generibus
2575 4119 2847 4171 collocatur

651 4192 701 4236 et
723 4200 781 4235 ea
801 4185 1055 4250 praedicati
1070 4184 1227 4234 vicem
1248 4186 1443 4248 explere
1460 4191 1688 4245 testatur,
1714 4201 1829 4236 cum
1852 4187 1990 4237 nullo
2013 4193 2179 4238 autem
2198 4188 2442 4250 peculiari
2470 4202 2651 4250 genere
2669 4188 2845 4254 (parti-

653 4258 797 4321 cipiis
813 4255 1023 4320 exempli
1048 4254 1216 4319 causa)
1237 4256 1306 4304 ita
1324 4255 1558 4319 jungitur
1582 4265 1642 4308 ut
1662 4273 1721 4307 ex
1744 4264 1960 4321 utroque
1976 4259 2217 4309 vocabulo
2236 4266 2448 4323 tempus,
2470 4260 2666 4326 modus,
2688 4276 2844 4326 genus

647 4329 926 4393 periphrasi
957 4342 1245 4392 expressum
1267 4328 1483 4389 oriatur3
1510 4331 1644 4393 quod
1663 4346 1780 4382 vere
1800 4331 2058 4385 auxiliaris
2079 4332 2350 4397 proprium
2370 4339 2463 4385 est.
