3234 5150
1302 397 1617 452 —151-

374 529 651 614 noloqie,
687 548 752 614 p.
798 525 935 612 82).
988 522 1181 589 Nobis
1232 522 1433 610 igitur
1475 543 1739 611 quoque
1787 522 1959 589 viam
2008 527 2255 588 tentare
2300 522 2546 600 licebit,

374 655 503 722 qua
533 633 899 700 formarum
944 629 1391 719 partitionem,
1427 634 1491 695 et
1534 650 1569 695 e
1606 628 1961 716 partitione
2001 634 2176 694 ortas
2220 650 2382 696 usus
2429 629 2551 694 im-

374 740 769 808 mutationes
799 739 1232 806 illustremus.
1275 735 1443 802 lllud
1474 734 1834 811 lubricum,
1886 742 2188 824 utsupra
2233 736 2388 814 dixi,
2431 735 2555 803 iter

370 849 509 936 jam
540 845 976 916 confidentius
1004 843 1360 932 ingrediar,
1391 848 1741 931 postquam
1771 865 1806 910 e
1835 842 2052 931 priore
2079 842 2310 931 capitis
2342 850 2550 932 parte,

375 955 446 1024 ni
497 955 714 1031 fallor,
762 953 991 1032 eluxit,
1046 951 1128 1018 ad
1183 970 1431 1017 meram
1499 949 2008 1017 affirmationem
2059 949 2553 1038 exprimendam

378 1059 589 1126 multo
618 1058 868 1148 aptiora
896 1057 1104 1124 fuisse
1136 1056 1405 1123 nomina
1438 1055 1690 1144 agentis
1721 1078 1919 1144 quam
1952 1057 2220 1122 nomina
2251 1055 2551 1123 actionis.

466 1166 537 1232 ln
563 1164 1019 1253 antiquissima
1054 1165 1421 1230 thematum
1447 1162 2019 1230 informandorum
2049 1169 2261 1242 anate,
2315 1183 2389 1230 ea
2429 1163 2560 1250 pri-

381 1294 568 1340 mum
595 1272 779 1339 nullo
812 1270 1195 1339 discrimine
1223 1270 1568 1337 modorum
1605 1278 2080 1357 usurpataesse
2099 1271 2297 1358 fingo.
2328 1269 2418 1334 Ex
2447 1268 2560 1336 illa

370 1379 746 1448 'formarum
778 1378 1161 1466 confusione
1191 1377 1444 1464 reliqua
1476 1399 1619 1445 esse
1647 1377 1952 1466 conjici0,
2011 1399 2146 1445 non
2194 1378 2408 1444 solum
2448 1399 2564 1443 no-

382 1487 563 1556 mina
594 1487 869 1554 actionis
897 1486 965 1552 in
993 1485 1205 1574 prima
1240 1491 1301 1554 et
1337 1492 1570 1572 quarta
1603 1488 1944 1573 praesentis
1977 1486 2210 1568 classe,
2253 1493 2315 1553 et
2345 1485 2400 1552 si
2435 1506 2561 1572 qua

382 1594 509 1662 alia
540 1594 833 1674 fuerunt,
866 1614 1115 1659 meram
1141 1592 1651 1660 affirmationem
1673 1593 2126 1681 exprimentia,
2153 1592 2266 1660 sed
2299 1592 2564 1659 nomina

382 1702 629 1789 agentis
659 1701 728 1768 in
751 1705 957 1777 sexta,
992 1699 1419 1786 quinta,cet.‚
1452 1699 1847 1786 conjunctivi
1869 1709 1982 1767 aut
2004 1698 2372 1787 imperativi
2393 1700 2564 1766 vices

384 1806 820 1875 defendentia.
847 1803 1188 1872 Indicativi
1220 1805 1397 1872 enim
1432 1807 1724 1873 themata
1744 1807 1992 1883 omnia,
2020 1806 2422 1874 secundariis
2449 1816 2568 1874 ter-

386 1912 861 1981 minationibus
883 1913 1225 1989 instructa,
1254 1911 1324 1977 in
1341 1911 1561 1979 vedica
1582 1913 1837 2000 lingua¹
1863 1913 2360 2001 conjunctivum
2382 1914 2569 2001 quasi

384 2021 755 2088 adulterum
794 2018 1050 2086 efficere
1096 2020 1231 2104 jam
1275 2018 1586 2086 diximus.
1640 2020 2011 2108 lmperativi
2059 2027 2282 2088 autem
2328 2042 2457 2087 non
2499 2020 2569 2087 in

388 2125 767 2194 sanseritica
806 2133 1088 2203 tantum,
1130 2124 1242 2191 sed
1276 2125 1473 2192 etiam
1510 2125 1580 2192 in
1619 2147 1826 2215 graeca
1863 2132 1927 2194 et
1963 2126 2030 2192 in
2070 2126 2273 2194 latina
2318 2127 2569 2219 lingua,

385 2255 698 2323 personas
744 2231 1226 2313 nonnullas‚ad
1269 2232 1568 2300 eamdem
1615 2233 1937 2322 originem
1987 2234 2386 2302 revocandas
2430 2256 2572 2302 esse

387 2339 761 2409 notavimus
804 2341 904 2428 (p.
951 2339 1131 2428 114).
1173 2339 1285 2406 His
1327 2338 1478 2407 addi
1518 2347 1817 2428 possunt,
1862 2341 2037 2429 quod
2068 2341 2149 2408 ad
2179 2343 2400 2408 thema
2432 2342 2575 2408 atti-

390 2454 523 2526 net,
558 2447 785 2515 formae
816 2448 1117 2515 secundae
1147 2447 1507 2536 singularis
1547 2449 1740 2516 activi
1786 2469 2100 2537 personae,
2137 2449 2320 2516 nulla
2350 2450 2574 2518 termi-

392 2553 655 2623 natione
684 2552 1019 2621 instructae
1051 2552 1224 2642 (vide
1254 2575 1452 2642 supra
1486 2578 1547 2643 p.
1581 2554 1761 2643 119).
1809 2590 1824 2602 ·

480 2659 815 2727 Indicativi
859 2666 923 2727 et
971 2660 1369 2757 conjunctivi
1426 2659 1764 2728 distinctio
1807 2684 1886 2729 ex
1956 2663 2364 2751 oppositione
2437 2665 2575 2731 thc-

395 2774 650 2835 matum
681 2774 820 2834 orta
845 2766 1069 2845 fuerit,
1105 2788 1307 2856 quam
1336 2766 1536 2834 etiam
1577 2790 1754 2835 nunc
1781 2768 1850 2835 in
1880 2770 2166 2836 secunda
2204 2776 2269 2836 et
2296 2770 2365 2835 in
2396 2781 2574 2839 sexta

393 2876 599 2943 classe
630 2879 956 2942 servatam
991 2872 1384 2960 reperimus.
1419 2874 1490 2939 ln
1520 2874 1809 2941 secunda
1840 2874 2052 2941 classe
2085 2897 2203 2963 pro
2239 2875 2574 2943 indicativi

392 2985 681 3051 themate
709 2980 892 3049 radix
925 2979 1193 3067 quidem
1224 2980 1401 3047 nuda
1436 2990 1820 3069 usurpatur,
1879 3004 2026 3069 quae
2074 2981 2141 3048 in
2170 2984 2366 3049 verbo
2394 2993 2467 3050 ut
2504 2983 2574 3049 in

396 3089 661 3157 nomine
692 3088 772 3154 ad
801 3086 1125 3155 actionem
1148 3086 1325 3153 haud
1355 3107 1545 3153 secus
1568 3094 1762 3174 atque
1787 3088 1865 3154 ad
1889 3094 2189 3176 agentem
2211 3088 2575 3174 exprimen-

396 3197 557 3263 dum
584 3201 735 3285 apta
758 3195 908 3263 suit.
943 3193 1062 3261 Ubi
1083 3200 1301 3262 autem
1333 3193 1537 3261 radici
1570 3198 1706 3260 han
1737 3194 1805 3260 in
1848 3195 2055 3263 forma
2089 3198 2325 3273 hein-ti,
2365 3217 2575 3264 exem-

395 3303 489 3393 pli
516 3324 737 3387 causa,
770 3303 991 3369 thema
1029 3304 1225 3367 hein-a
1271 3300 1339 3366 in
1368 3300 1580 3367 forma
1606 3304 1870 3367 hama-t
1895 3309 2008 3369 aut
2035 3304 2348 3381 Ιιάη-α-ιὶ,
2379 3303 2447 3369 id
2478 3310 2577 3370 est

394 3431 637 3477 nomen
683 3409 955 3476 actionis
1002 3408 1377 3498 oppositum
1426 3407 1576 3487 fuit,
1632 3430 1707 3476 ex
1755 3408 1894 3497 ipsa
1935 3409 2341 3498 oppositione
2392 3410 2577 3476 radix

396 3537 636 3583 nomen
666 3515 917 3602 agentis
949 3515 1121 3583 facta
1155 3524 1277 3583 est.
1322 3514 1393 3583 In
1431 3526 1609 3583 sexta
1640 3515 1872 3593 classe,
1922 3516 2177 3582 nomini
2212 3516 2464 3601 agentis
2507 3516 2576 3582 in

397 3621 748 3690 indicativo
792 3618 989 3709 srij-ci
1025 3644 1264 3689 nomen
1293 3623 1563 3691 actionis
1592 3624 1680 3688 in·
1700 3623 2116 3711 conjunctivo
2153 3623 2361 3711 srij-c'z'
2393 3645 2580 3711 aper-

398 3730 653 3797 tissime
674 3728 1051 3818 opponitur.
1079 3729 1255 3796 Hanc
1281 3728 1681 3816 conjunctivi
1713 3730 1783 3796 in
1823 3716 2002 3797 sexta
2035 3730 2242 3798 classe
2267 3729 2582 3799 informa-

397 3835 647 3904 tionem
663 3856 737 3902 eo
756 3834 965 3923 magis
983 3856 1099 3923 pro
1116 3836 1395 3923 genuina
1411 3834 1782 3903 habendam
1799 3836 2103 3918 arbitror,
2127 3837 2300 3926 quod
2317 3836 2581 3925 signum

400 3942 798 4029 conjunctivi
829 3965 895 4018 a,
932 3964 967 4009 e
1002 3943 1287 4010 secunda
1313 3942 1523 4010 classe
1555 3944 1891 4021 haustum,
1918 3943 1998 4009 ad
2035 3951 2284 4012 ceteras
2315 3944 2581 4033 quidem

463 4217 509 4267 1.
543 4216 676 4265 Idem
700 4229 875 4265 earum
906 4216 1181 4265 formarum
1215 4230 1331 4266 usus
1361 4216 1415 4266 in
1442 4216 1635 4267 iranica
1685 4217 1857 4281 lingua
1883 4218 2158 4285 reperitur.
2195 4218 2282 4281 (Cf,
2319 4218 2586 4285 Delbruck‚

412 4292 507 4340 Das
535 4286 849 4339 Altindische
880 4287 1103 4349 Verbum,
1128 4302 1179 4351 p.
1206 4287 1307 4350 80.)
