3234 5150
1291 433 1571 497 ...61—

335 577 541 624 annos
570 556 865 626 maribus
897 557 1176 648 (liberis)
1212 559 1509 648 praediti!
1552 585 1584 623 »
1614 596 1696 608 —-
1730 556 1982 636 111,--62‚
2055 557 2123 635 5,
2185 566 2373 625 asmcf
2406 561 2520 626 ldd

335 649 813 731 indravaruna'
878 671 1043 752 vdsu
1115 669 1309 755 shyat
1382 692 1415 729 «
1483 667 1796 734 Nostrum
1871 665 2020 743 hoc,
2098 688 2135 733 o
2201 666 2392 734 Indra
2457 673 2523 734 et

336 772 617 850 Varum,
649 773 899 840 bonum
928 772 1047 842 sitl
1087 799 1119 837 »
1160 813 1242 824 —
1274 779 1426 852 cet„
1460 773 1706 862 quibus
1747 756 2038 862 graecum
2073 773 2225 841 addi
2256 780 2469 863 potest
2500 797 2515 839 :

334 879 408 956 A,
449 881 558 958 41,
592 885 731 949 Τόδε
766 909 859 966 μοι
901 891 1143 970 κρήηνο)
1202 889 1439 970 ἐέλδωρ·
1501 889 1702 951 τίσειαν
1740 881 1944 949 Δάναοὶ
1989 872 2350 970 ἐμὰ-δάκρυα
2389 891 2543 952 σοῖσι-

334 993 607 1056 ὄέλεσσιν.
658 990 730 1055 In
772 987 876 1055 his
928 988 1149 1056 minus
1195 1011 1395 1078 quam
1455 989 1525 1055 in
1570 988 2024 1080 superioribus
2075 989 2519 1078 precationem

334 1076 478 1161 fie1i
507 1081 693 1162 nullo
728 1101 919 1194 pacto
954 1095 1318 1185 intelligere
1346 1119 1647 1186 possum.

424 1186 692 1292 Semper
722 1204 939 1270 adhuc
972 1224 1127 1271 eum
1159 1225 1197 1272 a
1222 1226 1351 1323 quo
1381 1205 1629 1295 petitur
1651 1205 1876 1274 adesse
1904 1204 2244 1273 finximus
2276 1204 2356 1272 At
2379 1204 2517 1282 ille,

338 1308 394 1376 si
448 1309 611 1378 deus
662 1317 784 1388 cst,
856 1311 1031 1398 quod
1084 1310 1447 1400 saepissime
1506 1311 1601 1389 fit,
1673 1318 1789 1379 aut
1842 1311 1982 1395 sine
2034 1311 2522 1384 intermissione

338 1417 588 1495 adesse,
632 1423 748 1486 aut
790 1417 1021 1486 saltem
1055 1424 1315 1486 orantes
1344 1419 1573 1486 audire
1624 1419 1938 1486 creditur.
1977 1419 2246 1486 Nullum
2293 1418 2546 1508 igitur,--
2586 1475 2594 1484 .

340 1531 453 1596 aut
482 1515 837 1593 minimum
863 1525 1223 1595 discrimen
1253 1533 1353 1595 est
1382 1526 1857 1595 sententiarum
1891 1545 2056 1615 quas
2076 1527 2216 1615 jam
2252 1525 2546 1616 protuli--

339 1653 491 1700 mus
542 1638 608 1701 et
665 1653 893 1722 graecae
950 1621 1153 1722 hujus
1199 1657 1212 1699 :
1264 1641 1335 1702 Ψ
1366 1631 1520 1711 650,
1568 1638 1667 1702 Σοὶ
1721 1641 1783 1700 δὲ
1843 1639 1962 1702 θεοὶ
2010 1635 2173 1702 τῶνδ’
2199 1634 2522 1721 ἀντῖχάριν

341 1735 635 1826 μενόεικέα
692 1748 867 1809 δοῖεν.
906 1741 1156 1808 Vedicae
1214 1748 1435 1808 autem
1481 1741 1766 1810 maxime
1800 1741 2253 1830 frequentatae,
2303 1740 2522 1829 qualis

336 1855 435 1916 est
457 1849 528 1926 V,
564 1848 674 1926 42,
720 1848 785 1924 2,
824 1851 1009 1934 pretii
1042 1869 1145 1914 me
1180 1857 1457 1914 stomam
1497 1851 1710 1916 aditir
1731 1849 2129 1938 jayrz‘bhyat
2161 1855 2406 1916 simum
2430 1853 2523 1914 ηά

338 1955 560 2034 matc'z',
619 1955 886 2022 «Meum
908 1975 1171 2032 carmen
1200 1955 1411 2023 Aditis
1440 1956 1739 2046 accipiat,
1774 1957 1944 2024 sicut
1971 1956 2187 2023 filium
2218 1961 2514 2025 mater».

337 2062 506 2128 nihil
537 2061 666 2129 nisi
716 2083 911 2129 merae
945 2063 1351 2151 precationes
1383 2069 1537 2130 sunt
1580 2070 1647 2130 et
1691 2064 1773 2131 ad
1826 2085 2026 2153 supra
2057 2063 2288 2130 allatas
2317 2062 2542 2151 perti·-

337 2164 516 2238 nent.
550 2170 805 2236 Numen
831 2169 1005 2236 enim
1044 2169 1115 2236 in
1142 2170 1649 2259 tertia-persona
1677 2171 2093 2254 {nominatum
2155 2192 2296 2238 non·
2336 2176 2410 2237 ut
2448 2169 2518 2236 in

333 2297 542 2365 graeca
574 2275 895 2344 sententia
942 2277 1096 2366 quia
1139 2276 1329 2344 tertia
1384 2277 1688 2366 quaedam
1726 2299 2004 2367 persona
2053 2276 2512 2367 compellatur,

336 2383 449 2452 sed
506 2383 784 2452 artificio
830 2384 1115 2471 quodam
1166 2385 1545 2452 vedicorum
1585 2391 1954 2475 poetarum,
2007 2385 2118 2475 qui
2165 2382 2519 2452 invocatio-

334 2490 437 2558 nis
487 2491 770 2574 formam
814 2511 1247 2581 personarum
1302 2491 1611 2560 varietate
1662 2491 2100 2583 distinguunt.
2149 2491 2331 2571 Quod
2376 2490 2535 2558 Del-.

334 2600 687 2668 bruckium
728 2600 1024 2677 latuisse,
1057 2622 1265 2689 quum
1299 2623 1366 2689 p.
1403 2602 1526 2675 197
1560 2601 1768 2669 tertiae
1808 2623 2104 2692 personae
2139 2599 2405 2690 optativi
2447 2598 2516 2666 in

336 2708 707 2797 precatione
738 2715 1069 2797 usurpatae
1100 2707 1363 2775 nullum
1396 2709 1771 2798 exemplum
1799 2729 1836 2777 e
1868 2707 2514 2795 sanseriticaiingua

354 2814 759 2883 afferendum
806 2815 1063 2893 habeat,
1115 2815 1303 2883 valde
1339 2816 1720 2884 mirandum
1747 2817 1869 2885 est.
2446 2872 2452 2877 .

422 2922 583 3001 Im0‚
616 2921 872 2991 etiamsi
896 2922 1159 2990 nullius
1189 2922 1485 2991 numinis
1515 2944 1780 3001 nomen,
1823 2929 1937 2989 aut
1970 2928 2352 3010 usurpatur,
2398 2926 2514 2989 aut

335 3030 751 3109 subauditur,
802 3034 875 3099 ut
913 3030 981 3097 in
1029 3030 1359 3099 homerico
1410 3032 1534 3098 hoc
1564 3040 1636 3113 Σ,
1668 3031 1820 3107 121,
1855 3040 1969 3111 Νῦν
2011 3036 2290 3108 δέ’κλέος.
2316 3036 2538 3096 ἐσθλὸν.

332 3144 589 3227 ἀροίμην,
626 3160 789 3207 num
819 3160 937 3230 pro
968 3143 1299 3227 comperto
1323 3137 1699 3221 habendum
1730 3142 1828 3205 est
1861 3134 2030 3203 nihil
2051 3134 2539 3213 invocationi&

334 3252 451 3313 aut
496 3247 577 3315 ad
624 3247 803 3323 deos,
858 3253 972 3314 aut
1007 3246 1087 3313 ad
1141 3250 1459 3313 secretam
1515 3244 1701 3312 illam
1748 3243 1887 3320 Fati
1933 3242 2316 3334 potentiam,
2363 3264 2512 3311 sen-

334 3352 549 3421 tcntiae
592 3355 897 3422 subesse?
950 3354 1046 3420 An
1089 3375 1222 3421 non
1258 3360 1485 3422 contra
1547 3352 1616 3418 in
1671 3352 1902 3420 eodem
1949 3353 2092 3419 loco
2139 3372 2216 3419 ex
2265 3336 2534 3419 antece-J

334 3459 641 3529 dentibus
672 3460 1009 3530 sententiis
1054 3459 1187 3551 (Ὦς
1212 3467 1309 3529 καὶ
1336 3468 1505 3549 ἐγών,
1544 3465 1594 3529 εἰ
1621 3467 1689 3547 δή
1720 3488 1812 3545 μοι
1842 3466 2003 3545 ὁμοίη
2035 3468 2208 3548 μοῖρα
2233 3468 2536 3543 revomant,

332 3576 571 3654 κείσομ’,
608 3576 729 3639 ἐπεί
747 3598 813 3637 κε
846 3576 1013 3637 θάνω·
1056 3580 1144 3637 νῦν
1175 3568 1349 3657 δὲ...)
1383 3567 1718 3645 concludi,
1751 3566 1820 3635 in
1848 3566 2082 3635 ceteris
2111 3566 2358 3656 conjici.
2382 3566 2522 3637 sal-n

333 3682 463 3744 tem
492 3677 701 3767 possit
728 3683 875 3745 vota
906 3677 986 3745 ad
1014 3673 1457 3766 precationem
1488 3696 1632 3744 esse
1661 3674 2136 3743 revocandav.
2171 3674 2260 3741 Ne
2289 3680 2532 3743 autem..-

333 3782 471 3877 ipse
518 3784 911 3855 calumniari
958 3784 1211 3863 videar,
1263 3790 1378 3853 aut
1426 3789 1672 3853 temere
1723 3780 2180 3851 controversiae
2238 3780 2506 3859 instare,

392 4060 439 4114 1.
474 4052 833 4123 precationem,
861 4078 948 4114 seu
972 4062 1229 4122 directam,
1261 4076 1351 4113 seu
1376 4058 1522 4127 quasi
1548 4058 1816 4125 obliquam,
1847 4058 1955 4123 ipsa
1980 4056 2156 4110 sensus
2184 4054 2232 4109 vi
2262 4054 2527 4123 imprecass

333 4136 517 4186 tionem
550 4136 657 4186 fueri
682 4150 821 4199 posse
842 4135 922 4186 vix
951 4136 1129 4185 addere
1155 4148 1355 4185 necesse
1380 4141 1472 4183 est.
1500 4132 1726 4196 Exempla
1755 4139 1888 4190 sunt,
1911 4160 1974 4168 —
1991 4132 2233 4187 vedicum,
2261 4132 2513 4181 ΑιΙιανυιι

341 4208 486 4277 Vada,
508 4208 555 4269 Y,
580 4208 659 4263 22
684 4208 731 4267 2,
758 4208 890 4257 adsta
918 4208 975 4257 Izi
998 4207 1240 4257 talmarm
1268 4208 1421 4256 αναεό
1448 4206 1504 4255 Izi
1528 4205 1746 4271 blai'ayd'lt
1783 4221 1806 4253 α
1837 4205 1990 4262 Nunc,
2021 4218 2050 4254 o
2078 4204 2246 4261 iebus
2273 4204 2511 4253 exhausta

330 4287 433 4331 esto
468 4297 513 4344 »,
545 4294 774 4343 graecum
805 4301 875 4347 ρ,
884 4280 1002 4334 476.
1036 4284 1269 4331 Αντίνοον
1299 4286 1407 4349 πρὸ
1422 4284 1598 4344 γάμοιο
1655 4281 1784 4335 τέλος
1817 4282 2032 4335 θανάτοιο
2071 4283 2246 4339 κιχείη.
2287 4274 2510 4338 Denique

330 4350 590 4415 negatione
612 4330 891 4446 deprecatio
920 4350 993 4409 fit,
1022 4352 1168 4415 cujus
1192 4350 1411 4412 exempla
1438 4349 1622 4399 afferre
1648 4360 2066 4412 supervacaneum
2106 4353 2222 4397 est.
